2654 4726
642 221 674 273 11

86 416 147 453 non
170 398 247 454 nulla
271 410 372 454 autem
395 401 493 474 cupita
516 401 613 475 primo
636 401 745 456 obtutu
762 419 884 474 prorsus
901 402 1060 458 discedere
1085 402 1234 458 videntur
1278 382 1282 391 Ι

85 501 124 554 ab
148 499 205 555 hac
228 502 353 558 ratione.
388 504 443 558 sed
466 504 496 557 in
519 501 565 558 his
588 520 634 558 res
658 511 705 558 est
727 502 817 574 longe
840 502 906 558 alia.
938 519 1069 575 namque
1094 502 1233 576 capitum

86 601 195 673 quibus
218 603 330 657 desunt
351 602 419 658 illae
443 603 589 659 formulae
623 613 687 659 arte
708 621 775 658 cum
810 603 1067 658 antecedentibus
1104 603 1233 659 coniun-

85 702 189 772 genda
222 714 289 757 sunt
323 701 414 760 haec:
446 706 495 770 35,
522 706 644 769 40‚l‘21.
675 704 789 759 scilicet
810 704 842 758 in
864 705 976 759 eadem
1010 721 1069 777 qua
1101 712 1234 760 antece-

85 802 191 858 dentia
212 821 243 857 re
265 806 436 860 errarranda
459 814 615 861 versantur
637 814 721 861 etex
744 806 856 862 eodem
872 805 1004 861 auctoris
1020 805 1086 863 loco
1105 816 1232 879 sumpta

87 914 165 978 sunt,
189 905 219 959 id
243 908 327 979 quod
351 907 463 962 accidit
498 907 588 963 etiam
611 908 641 963 in
665 926 690 965 c.
716 911 754 964 65
778 915 810 961 et
832 907 881 976 66,
907 908 967 964 110
988 914 1019 963 et
1042 910 1110 983 111,
1141 923 1229 980 prae·

86 1015 222 1077 terquam
243 1008 327 1079 quod
351 1007 396 1063 his
420 1007 492 1063 locis
522 1009 636 1082 pendet
659 1009 755 1064 oratio
785 1028 804 1063 a
827 1007 925 1062 verbis
959 1008 1016 1062 illis
1050 1007 1233 1064 declarandi

87 1106 116 1161 in
139 1107 237 1180 priore
259 1108 358 1182 capite
381 1109 498 1182 positis,
528 1110 558 1164 in
581 1109 635 1165 illis
658 1109 805 1182 capitibus
827 1107 860 1163 fit
891 1107 1041 1180 legitimus
1064 1109 1094 1163 in
1117 1109 1232 1164 oratio-

87 1225 156 1263 nem
180 1218 291 1265 rectam
314 1210 465 1268 transitus.
488 1218 648 1282 praeterea
680 1227 743 1265 non
767 1211 834 1282 ipso
862 1209 969 1281 capitis
997 1209 1093 1283 initio,
1120 1209 1178 1264 sed
1200 1209 1232 1265 in

87 1309 223 1381 proxima
251 1310 374 1364 demum
398 1311 549 1366 sententia
573 1311 742 1366 invenimus
765 1310 838 1365 illud
858 1309 984 1365 verbum
1008 1327 1033 1366 c.
1050 1311 1098 1376 18,
1114 1311 1165 1386 20,
1181 1310 1232 1387 94,

88 1409 138 1474 98,
158 1411 224 1467 137.
248 1411 279 1464 id
303 1411 383 1466 enim
403 1412 503 1484 ipsum
531 1414 615 1484 quod
636 1429 757 1467 narrare
790 1412 852 1467 vult
882 1411 1010 1484 scriptor
1041 1419 1073 1466 et
1102 1411 1133 1465 in
1167 1428 1232 1484 quo

88 1510 182 1565 cardo
207 1510 329 1565 vertitur
350 1513 401 1583 rei,
437 1513 466 1566 in
490 1513 631 1568 omnibus
654 1512 700 1568 his
725 1513 876 1586 capitibus
900 1511 1006 1585 incipit
1031 1512 1156 1566 demum
1180 1511 1233 1567 ubi

90 1609 189 1680 posita
205 1620 252 1665 cst
268 1611 409 1668 solemnis
427 1613 475 1669 illa
497 1613 635 1670 formula.
670 1615 790 1670 accedit
805 1615 891 1687 quod
906 1613 982 1669 baec
1004 1613 1105 1686 capita
1126 1613 1232 1669 omnia

91 1720 210 1783 praeter
232 1730 255 1768 c.
277 1714 332 1770 131
356 1725 479 1788 propter
501 1732 600 1770 rerum
625 1732 776 1770 conexum
798 1731 861 1770 non
883 1722 1015 1787 possunt
1037 1713 1171 1787 disiungi
1193 1712 1234 1769 ab

91 1813 354 1872 mrtecerlentibus.
381 1816 514 1889 denique
538 1826 780 1873 consentaneum
803 1825 850 1871 est
865 1816 928 1871 iure
943 1816 1083 1871 deserere
1106 1814 1237 1888 scripto·

92 1931 153 1969 rem
176 1932 292 1971 morem
314 1932 412 1983 suum,
437 1919 460 1972 si
484 1919 544 1974 iam
568 1921 633 1974 eius
657 1928 764 1974 auctor
798 1926 914 1974 certum
944 1917 1101 1990 quendam
1133 1914 1238 1970 attulit

90 2012 230 2085 testem¹‚
253 2026 287 2071 ut
308 2038 333 2075 c.
357 2019 407 2084 38,
433 2021 501 2090 112,
527 2020 654 2076 fortasse
679 2017 768 2087 1302,
797 2020 843 2074 vel
866 2020 932 2092 ipse
960 2017 1058 2073 verbis
1080 2016 1135 2072 illis
1162 2034 1236 2074 usus

91 2128 147 2185 est,
170 2120 251 2189 quod
276 2121 401 2193 quando
426 2120 540 2176 sactum
562 2122 601 2177 sit
623 2122 798 2194 ignoramus
807 2116 827 2179 ³.

191 2219 253 2276 lam
276 2222 456 2294 perspicitur
478 2223 559 2279 nullo
575 2224 668 2280 modo
692 2222 755 2278 fieri
770 2239 871 2297 posse,
894 2231 928 2276 ut
951 2239 977 2277 c.
996 2221 1129 2286 51-60,
1153 2237 1237 2292 quae

92 2321 157 2375 nola
180 2337 302 2394 prorsus
324 2322 500 2397 discrepant
522 2325 560 2379 ab
584 2324 641 2380 hac
663 2325 846 2398 excerpendi
872 2323 992 2378 ratione
1012 2339 1114 2394 neque
1141 2320 1237 2377 ullum

91 2422 156 2477 eius
182 2423 314 2495 produnt
338 2421 523 2497 vestigium4,
557 2427 598 2480 acl
631 2434 764 2482 veterem
788 2426 895 2480 librum
928 2423 1099 2496 pertineant
1131 2430 1162 2477 et
1197 2421 1236 2479 ab

90 2526 200 2579 «mlum
224 2533 316 2597 atque
339 2534 441 2580 cetera
464 2526 575 2600 scripta
600 2523 684 2584 sint5.
719 2527 812 2581 etiam
840 2542 940 2581 sermo
973 2540 1081 2580 eorum
1113 2522 1237 2580 inflatus

91 2635 183 2699 utque
206 2625 340 2681 tumidus
364 2625 527 2682 abhorrere
550 2627 671 2683 videtur
693 2644 711 2681 a
727 2627 831 2700 reliqui
856 2625 920 2682 libri
937 2624 1143 2698 simplicitate:
1166 2624 1237 2681 sine

92 2727 186 2781 dnbio
214 2727 252 2781 ab
288 2729 353 2783 eius
387 2738 496 2784 natura
522 2728 666 2785 abhorret
701 2728 887 2784 luculentum
917 2727 989 2782 illud
1021 2734 1237 2798 excerptorum

91 2830 208 2901 tignum
232 2830 316 2903 quod
339 2830 595 2904 deprehendimus
619 2849 643 2888 c.
660 2832 699 2888 56
726 2825 777 2887 καὶ
799 2824 901 2888 buin(l
922 2823 975 2886 ἐπὶ
996 2826 1051 2898 τῆ(
1074 2822 1155 2885 ὁδοῦ
1177 2826 1237 2900 τῆ(

92 2928 136 2989 εἰ(
159 2926 358 3005 (υρακούεαε
382 2927 480 3005 κρήνη
505 2926 587 2989 {triv
609 2929 672 2988 κτλ.
696 2961 736 2970 -
759 2930 861 3003 itaque
876 2929 924 2984 vel
947 2928 1005 2984 hac
1019 2927 1238 2986 observatione

93 3032 287 3105 cogrmscitnr
318 3042 425 3107 postea
446 3033 526 3089 male
550 3033 609 3088 huc
641 3032 689 3087 illa
712 3032 812 3104 capita
845 3048 914 3086 esse
948 3031 1071 3087 inserta.
1103 3029 1163 3085 hoc
1196 3049 1238 3088 eo

93 3134 284 3189 «mlirmatnr
307 3136 390 3207 quod
410 3134 439 3188 in
462 3154 486 3189 c.
510 3132 681 3199 152-178,
705 3149 783 3206 quae
803 3132 875 3205 quin
896 3140 1005 3204 postea
1029 3130 1088 3185 sint
1111 3131 1239 3188 adiecta

94 3234 198 3309 nequit
221 3234 359 3305 dubitari,
384 3234 477 3291 simile
501 3233 574 3307 quid
599 3233 747 3289 accidisse
772 3233 915 3289 videmus,
948 3249 1133 3306 quamquam
1156 3232 1238 3290 enim

193 3465 200 3502 ¹
223 3485 278 3517 num
309 3469 380 3533 ipsos
410 3484 440 3517 ex
470 3468 564 3533 quibus
595 3468 681 3516 haurit
710 3468 852 3530 scriptores
882 3481 1021 3529 numquam
1043 3465 1171 3527 nominat;
1202 3466 1238 3517 cf.

95 3557 311 3608 Muellunlroslius
332 3557 349 3608 l.
369 3557 387 3607 1,
407 3574 432 3621 p.
451 3555 512 3608 431.

192 3643 203 3679 2
224 3645 325 3693 initium
345 3645 435 3708 capitis
455 3645 496 3694 vix
515 3652 585 3693 recte
604 3644 722 3694 traditur.

194 3731 204 3764 ¹¹
223 3733 371 3797 praesertim
391 3733 477 3781 verbis
498 3732 644 3796 μυθεύουει
664 3733 848 3795 μυθολογοῦει
873 3731 1004 3780 similibus
1023 3728 1149 3777 adhibitis
1169 3727 1237 3776 haec

95 3821 206 3886 euspicio
225 3821 286 3869 oriri
305 3829 400 3885 potest.

193 3905 204 3941 ¹²
223 3910 295 3957 aliter
314 3910 380 3957 enirn
401 3926 429 3957 se
450 3910 546 3958 liabent
566 3910 645 3957 verbu
665 3910 741 3960 δοκεῖ
762 3917 787 3957 et
806 3906 872 3974 (poci
890 3909 917 3956 in
938 3923 959 3957 c.
980 3905 1022 3959 51.

195 3996 206 4028 ”’
225 3999 338 4063 prudeus
360 3998 433 4061 igitur
445 3997 478 4046 (le
491 3997 532 4046 liis
551 3997 681 4062 capitibus
695 3998 781 4046 Rosei
800 3997 924 4046 iudicium
938 3995 981 4060 qui
996 3995 1058 4043 dicit
1076 3992 1236 4058 1.1.p.‘280:

96 4106 116 4139 ι’.
135 4091 241 4138 51-111)
265 4090 312 4135 nul
337 4085 444 4136 ommno
468 4084 559 4136 alienu
582 4089 646 4135 sulit
670 4089 694 4136 et
718 4083 829 4135 aliunde
846 4088 939 4149 posteo
957 4082 1061 4134 inserta
1080 4085 1129 4132 aut
1146 4080 1236 4134 alieno

96 4181 151 4233 loco
168 4178 268 4247 positu.
289 4194 391 4227 causam
412 4193 473 4226 sane
493 4193 545 4242 qua
563 4177 678 4239 cogimur
697 4176 733 4224 sic
751 4177 865 4225 iudicare
883 4190 935 4222 uon
953 4172 1093 4238 perspexit.
1113 4170 1145 4220 cf.
1159 4170 1236 4218 etiam

95 4269 159 4321 ibid.
179 4284 204 4333 p.
218 4266 278 4319 ⁵255.

195 4354 207 4389 ¹⁵
225 4357 352 4406 immerito
372 4356 495 4422 Apeltius
513 4355 625 4404 correxit
643 4356 687 4406 καί
709 4352 779 4406 ἰόντι
797 4353 842 4405 ἐπὶ
860 4355 911 4416 τῆ(
930 4351 1008 4403 ὁδοῦ.
