2654 4726
642 169 678 223 24

88 347 169 412 κατὰ
192 345 314 410 τόπου(
337 347 506 424 διαφορῶν
529 348 660 404 narravit
684 348 715 402 in
732 344 931 420 Cephallenia
945 347 1044 405 insula
1059 364 1163 424 capras

87 470 210 510 menses
243 470 306 508 non
338 451 442 507 bibere
474 446 553 523 (hel.
570 449 613 505 III
634 444 703 523 32l:
736 449 819 504 idem
850 459 1072 507 commemorat
1102 450 1135 506 in

87 553 161 630 περὶ
183 553 276 634 Ζῴων
297 549 483 628 φρονήεεω(
508 549 559 611 καὶ
583 547 680 623 ἤθου(
703 548 781 624 (mir.
798 569 880 608 ausc.
898 570 923 610 c.
941 546 985 628 9),
1008 553 1066 608 sed
1081 551 1162 609 adici

89 657 175 731 quod
196 655 335 712 sollerter
356 672 410 710 eas
433 654 496 710 sitis
519 653 685 708 remedium
715 651 771 707 sibi
799 670 907 725 parare
935 652 1083 720 ostendit,
1112 661 1163 708 cot

90 776 144 816 ore
176 766 282 833 aperto
313 773 350 812 ex
383 755 444 811 alto
474 764 580 810 ventos
613 769 667 809 eas
702 752 847 826 recipere.
901 753 990 809 huius
1024 753 1119 809 moris
1151 770 1163 828 p

90 860 228 934 exempla
252 857 323 913 ride
345 856 428 931 apud
451 854 586 911 Roseum
607 871 636 927 p.
654 853 726 926 366,
751 857 783 925 l;
805 871 834 927 p.
851 855 925 920 351,
947 856 981 919 8;
1017 854 1129 927 quibus
1157 872 1163 910 t

90 961 176 1036 quod
197 967 229 1014 et
257 959 286 1013 in
315 957 390 1012 libro
419 951 491 1028 περὶ
519 953 584 1012 τῶν
606 949 688 1012 κατὰ
708 948 828 1011 τόπου(
851 953 1021 1028 διαφορῶν
1044 954 1096 1031 lcf.
1120 954 1163 1011 Ro

89 1080 117 1136 p.
130 1062 200 1136 330,
215 1052 249 1133 4)
271 1068 302 1114 et
324 1058 353 1113 in
379 1057 453 1112 libro
483 1052 555 1129 περὶ
584 1055 648 1114 τῶν
674 1050 709 1113 ἐν
738 1055 824 1134 ξηρῷ
849 1051 1069 1128 διαμενόντων
1101 1052 1150 1130 (tr.

91 1157 182 1235 MV.)
203 1161 322 1216 dixerat
344 1159 471 1234 polypos
505 1174 567 1213 non
590 1173 658 1212 esse
681 1156 710 1211 in
734 1155 950 1230 Hellesponto
996 1175 1090 1231 quam
1113 1158 1154 1214 ob

91 1263 182 1319 etiam
206 1262 315 1317 ceteris
339 1261 380 1316 de
396 1258 574 1315 animalibus
589 1259 668 1315 libris
686 1258 729 1313 uti
746 1257 815 1314 licet
829 1259 872 1314 ad
887 1259 1112 1316 restituendum
1133 1258 1162 1315 lil

91 1360 164 1438 περὶ
195 1361 288 1442 ζῴων
320 1357 507 1436 φρονήεεω(
537 1357 589 1418 καὶ
620 1354 728 1430 ἤθους.
781 1361 959 1434 saepissime
991 1378 1072 1426 vero,
1108 1369 1142 1416 ut

91 1465 204 1540 plantis
226 1481 307 1538 quae
329 1462 360 1517 in
382 1461 563 1518 animalibus
594 1460 669 1516 fiunt
703 1477 843 1535 quaeque
866 1461 906 1518 rbi
927 1461 1022 1518 fusius
1047 1478 1162 1536 exposu

93 1583 272 1640 comparare
301 1579 372 1619 eum
399 1563 460 1618 iam
492 1562 697 1634 cognorim,
731 1561 772 1616 ita
795 1561 825 1617 in
849 1563 960 1618 ceteris
982 1579 1108 1637 quoque
1129 1562 1161 1618 di

92 1666 213 1739 generis
240 1665 321 1722 libris
355 1665 464 1719 eadem
493 1663 592 1736 tangit
620 1672 713 1737 atque
742 1662 772 1717 in
800 1663 856 1718 illis
884 1663 924 1718 ‹le
947 1663 1128 1719 animalibus
1150 1663 1161 1720 l

94 1767 179 1823 cuius
194 1767 237 1823 rei
252 1765 391 1839 exempla
406 1764 474 1821 ride
498 1765 581 1838 apud
599 1764 731 1820 Roseum
747 1781 776 1837 p.
788 1765 858 1836 354,
876 1767 906 1830 i.
923 1765 994 1836 311,
1008 1765 1040 1834 t;
1059 1765 1162 1830 351,1·

95 1866 223 1923 altemm
246 1865 305 1921 hoe
323 1874 383 1922 est:
405 1864 528 1919 miratus
551 1881 678 1937 quaeras
701 1864 775 1939 quid
796 1864 828 1919 in
849 1864 925 1921 libro
952 1861 1025 1938 περὶ
1047 1862 1140 1944 ζῴων
1160 1897 1161 1909 ¹

93 1965 214 2042 νήεεω(
236 1963 287 2026 καὶ
310 1961 408 2038 ἤθου(
431 1965 488 2020 sibi
505 1965 594 2021 velint
610 1964 687 2020 tales
703 1964 878 2021 animalium
895 1967 1119 2040 descriptiones
1134 1985 1161 2043 qr

94 2069 222 2144 legimus
243 2069 305 2125 mir.
329 2084 413 2123 ausc.
439 2083 464 2123 c.
485 2070 499 2123 1
525 2075 557 2120 et
584 2067 628 2124 12.
674 2075 704 2121 at
727 2065 777 2122 hic
798 2067 978 2140 perspicitur
998 2069 1161 2142 proprietas

96 2169 398 2244 Theophrasteorum
420 2168 597 2234 studiorum,
620 2177 653 2223 ut
675 2184 755 2240 quae
778 2165 958 2224 Aristoteles
982 2177 1115 2226 tractare
1131 2187 1161 2226 cc

95 2281 151 2344 rat,
178 2271 316 2346 perficiat
343 2269 482 2343 suppleat
512 2270 643 2342 corrigat
652 2264 673 2327 ¹.
719 2267 832 2324 etenim
861 2268 902 2325 de
924 2270 1041 2327 bonaso
1064 2271 1161 2328 Aristo

96 2373 127 2431 h.
145 2391 172 2434 a.
192 2373 221 2429 Π
243 2375 272 2449 1,
296 2374 332 2430 12
353 2390 383 2446 p.
397 2361 476 2430 498ὴ
493 2372 532 2428 29
554 2388 619 2444 sqq.
650 2372 688 2428 19
707 2388 737 2444 p.
754 2362 834 2428 499¹)
851 2373 887 2429 31
911 2389 977 2447 sqq.
1021 2372 1082 2428 alio
1116 2391 1161 2431 cor

97 2475 226 2532 disiecta
253 2473 368 2550 profert
396 2473 608 2546 descriptionis
637 2472 787 2541 membra;
822 2473 867 2529 sui
894 2474 989 2547 ipsius
1018 2491 1110 2530 causa
1133 2491 1161 2530 ar

97 2594 161 2633 non
183 2575 373 2632 describitur.
412 2590 512 2647 neque
536 2574 575 2628 de
598 2573 729 2629 mustela
751 2573 837 2629 aliter
858 2591 956 2630 resse
972 2574 1076 2640 habet,
1100 2573 1161 2632 cir

96 2675 125 2734 h.
141 2694 168 2734 a.
183 2676 212 2732 11
229 2680 256 2747 1,
272 2678 311 2733 24
334 2694 362 2750 p.
377 2667 455 2734 500b
472 2677 520 2733 23.
558 2675 670 2730 eodem
695 2675 788 2732 modo
819 2675 910 2732 etiam
934 2676 1042 2732 ceteris
1067 2678 1107 2732 de
1129 2694 1161 2733 ar

99 2777 176 2833 libus
197 2777 279 2832 libris
301 2776 535 2851 Theophrastus
558 2776 783 2850 descriptiones
806 2778 919 2845 inserit,
951 2778 1114 2852 praecipue
1140 2795 1160 2832 e<

98 2877 271 2935 animalium
295 2896 373 2953 quae
396 2895 459 2934 non
482 2877 564 2933 novit
588 2877 713 2933 omnino
735 2877 925 2946 Aristotelea,
949 2878 986 2934 cl.
998 2878 1120 2935 Roseus
1143 2897 1160 2954 p

97 2989 130 3036 et
144 2982 214 3046 337,
237 2997 265 3054 p.
282 2981 342 3037 364
359 2997 403 3054 sq.
424 2974 524 3056 (Phot.
541 2977 621 3053 bybl.
637 2979 706 3036 cod.
724 2980 783 3037 278
800 2997 830 3053 p.
844 2981 915 3055 525,
933 2983 947 3037 l
963 2996 1028 3054 sqq.
1041 2974 1102 3056 B.),
1128 2980 1160 3038 fr.

99 3080 171 3140 tw,
214 3082 323 3137 summi
352 3090 455 3137 autem
484 3089 531 3136 est
562 3081 709 3136 momenti
739 3081 824 3154 quod
853 3080 935 3136 idem
966 3098 1032 3137 mos
1063 3099 1119 3155 per
1149 3090 1160 3137 t

99 3194 261 3259 usurpatur
283 3181 311 3239 h.
328 3199 355 3240 a.
375 3181 479 3238 libmm
502 3199 625 3239 nonum.
669 3182 726 3238 sed
750 3182 912 3238 maximam
938 3182 1113 3238 cautionem
1136 3183 1160 3239 ir

100 3305 132 3343 re
154 3286 362 3342 adhibendam
387 3301 454 3341 esse
476 3301 525 3338 me
557 3284 674 3339 monuit
698 3282 823 3343 l'sener.
854 3300 892 3338 ne
922 3283 1072 3339 efficiatur
1101 3294 1160 3341 nan

99 3387 225 3444 historia
258 3404 338 3460 quae
371 3395 435 3441 erat
468 3386 507 3439 de
529 3385 702 3441 animalium
733 3384 867 3441 sollertia
889 3386 1119 3454 commentatio,
1154 3406 1160 3442 ε

100 3505 193 3544 unum
216 3489 301 3563 quod
326 3487 385 3544 huc
416 3487 485 3544 facit
512 3485 560 3542 hic
581 3486 639 3542 iam
663 3486 902 3543 animadvertas:
935 3486 1045 3543 bonasi
1068 3487 1160 3544 deser.

200 3682 210 3718 ¹
231 3687 298 3736 hanc
318 3686 441 3736 rationem
465 3686 636 3734 Aristotelem
662 3686 730 3734 inter
755 3694 780 3734 et
799 3685 1013 3750 Theophrastum
1039 3688 1159 3738 interced

102 3775 248 3837 zoologicis
268 3776 343 3824 libris
367 3777 418 3823 iam
438 3775 540 3823 monuit
559 3775 712 3823 Franciscus
732 3775 862 3822 Patricius
886 3772 954 3826 disc.
971 3775 1058 3840 perip.
1079 3779 1092 3825 I
1111 3777 1159 3826 libr

101 3881 126 3930 p.
145 3863 197 3916 153
223 3872 248 3911 et
273 3863 323 3914 155
348 3865 389 3912 ed.
417 3863 497 3912 Basil.
520 3861 596 3927 litu,
626 3863 659 3913 cs.
687 3863 766 3910 etiarn
790 3863 918 3910 Erneslus
944 3865 1036 3927 Meyer
1061 3862 1159 3916 histlr

103 3970 129 4019 p.
149 3952 200 4005 156
220 3969 277 4017 sq.;
295 3954 329 4001 de
351 3953 411 4003 hist.
430 3952 512 4016 plant.
531 3953 564 4002 ci.
584 3951 718 4000 Kircbner
737 3950 830 4001 orrrtol.
847 3949 941 4017 philol.
961 3951 1053 4017 suppl.
1067 3953 1121 4001 VH
1141 3969 1159 4018 p

102 4043 129 4090 in
147 4041 297 4089 universum
318 4048 344 4089 et
361 4041 514 4106 praesertim
533 4040 566 4088 de
585 4039 663 4088 libris
682 4038 816 4086 historicis
833 4039 934 4087 Vsener
952 4037 1157 4091 curiatiorum

102 4146 128 4195 p.
147 4128 180 4181 21
200 4145 258 4195 sqq.
295 4129 327 4179 cs.
347 4130 423 4178 etiam
441 4128 592 4177 testimonia
610 4136 728 4177 veterum
747 4127 841 4178 Boeth.
862 4129 889 4176 in
902 4128 984 4179 Arist.
1004 4129 1066 4193 περὶ
1087 4128 1147 4193 ἑρμ.

104 4218 166 4268 liet
184 4218 312 4268 Priscian.
333 4218 400 4283 Lyd.
419 4218 546 4283 metaphr.
566 4220 629 4284 περὶ
648 4216 715 4271 ulti).
736 4235 761 4284 p.
781 4216 825 4283 3⁶5,
845 4217 861 4267 6
880 4219 963 4284 Byrsa,
983 4233 1051 4282 quae
1071 4218 1155 4268 adfert

104 4307 196 4355 botius
216 4305 301 4360 Arelt.
318 4305 339 4370 f.
359 4305 452 4359 Gesclt.
471 4306 496 4357 d.
518 4305 674 4374 Plrrlosoplt.
694 4310 707 4356 I
726 4324 751 4373 p.
775 4307 825 4358 194
845 4324 904 4372 sqq.
