2678 4732
680 244 717 301 50

125 422 176 492 ἐπὶ
198 429 261 489 τῶν
283 428 384 509 Ζῴων.
429 429 487 486 hoc
513 430 618 486 ultimo
636 430 703 485 loco
720 430 840 486 videtur
854 429 983 502 relegari
999 429 1094 487 lector
1110 429 1152 485 ad
1168 423 1278 485 Theo·

124 533 239 608 phrasti
260 533 414 606 quendam
436 533 476 589 de
506 531 685 588 animalibus
720 530 826 588 librum
838 527 858 589 1.
904 549 984 605 quae
1019 537 1124 587 autem
1158 547 1211 586 res
1245 528 1279 585 in

123 635 224 708 primis
248 634 352 690 demat
375 633 553 690 animalibus
576 633 769 707 propagandi
791 632 970 689 facultatem
1003 632 1033 687 in
1068 632 1175 705 aprico
1209 640 1276 689 est:

123 736 265 791 videlicet
286 736 439 791 castratio,
483 734 561 790 hanc
586 753 662 789 sane
686 734 788 808 potuit
805 732 1038 807 Theophrastus
1053 733 1083 788 in
1104 732 1183 789 libro
1198 728 1276 805 περὶ
1326 756 1331 765 ·

123 834 277 908 γενέτεω(
301 844 494 911 pertractare,
518 843 550 890 ut
565 834 637 892 fecit
652 835 829 891 Aristoteles
841 831 862 893 ².
897 835 1018 891 Roseus
1040 834 1130 908 igitur
1154 852 1186 908 p.
1209 834 1275 892 372

124 937 205 995 hunc
228 937 433 1012 Theophrasti
456 937 563 993 librum
585 936 637 992 illo
660 937 728 993 loco
752 936 908 993 intellexit.
952 935 1179 1008 sedquoniam
1200 954 1275 1010 per-

123 1039 276 1114 speximus
298 1039 332 1094 iis
356 1056 433 1112 quae
457 1039 596 1093 omnibns
620 1038 674 1093 illis
691 1036 933 1110 'l'heophrasteis
950 1037 1023 1092 locis
1040 1038 1080 1092 de
1095 1037 1274 1111 plantarum

122 1141 340 1196 mutationibus
364 1140 506 1196 dicuntur
529 1139 591 1194 veri
624 1138 758 1194 similiter
784 1137 982 1212 respondisse
1009 1136 1075 1193 libri
1102 1133 1177 1211 περὶ
1206 1137 1275 1197 τῶν

123 1237 313 1316 αὐτομάτων
340 1239 430 1320 ζῴων
463 1242 502 1296 (le
533 1240 712 1296 animalibus
747 1240 983 1313 disputationes
1020 1239 1115 1295 multo
1148 1238 1275 1296 videtur

122 1362 192 1400 esse
215 1344 398 1417 probabilius
421 1342 499 1399 hunc
521 1343 611 1399 etiam
634 1343 693 1420 illic
709 1343 878 1416 significari.
925 1341 1043 1398 conicio
1059 1342 1150 1416 igitur
1165 1341 1275 1399 Theo·

121 1445 279 1520 phrastum
301 1446 330 1500 iu
356 1445 406 1500 illo
429 1445 504 1500 libro
528 1445 569 1501 ad
592 1444 691 1501 avium
723 1444 911 1500 mutationes
942 1443 1080 1499 delatum
1103 1442 1274 1499 occasione

122 1548 195 1602 data
218 1547 257 1601 de
281 1546 409 1602 aliorum
431 1563 554 1619 quoque
578 1545 753 1602 animalium
776 1544 994 1601 mutationibus
1024 1543 1137 1617 egisse.
1183 1543 1274 1618 quod

122 1649 246 1723 quidem
268 1655 385 1704 certum
407 1665 469 1702 non
492 1664 560 1702 esse
585 1646 656 1713 scio,
681 1648 738 1702 sed
760 1645 823 1701 heri
839 1654 944 1719 potest
967 1654 999 1701 et
1021 1644 1273 1717 commendatur,

123 1749 242 1823 siquid
265 1749 363 1821 vide0,
387 1748 585 1804 similitudine
609 1764 714 1803 eorum
737 1764 818 1820 quae
841 1745 960 1803 disserit
983 1746 1111 1821 scriptor
1126 1746 1167 1801 de
1181 1745 1273 1819 plan·

122 1849 169 1908 tis.
195 1880 233 1888 -
267 1867 347 1904 nunc
376 1865 447 1904 vero
484 1849 514 1903 in
551 1865 634 1903 nono
673 1848 746 1903 libro
773 1866 797 1906 e.
833 1849 884 1915 50.
919 1847 1083 1907 245-248
1120 1863 1151 1920 p.
1190 1837 1273 1904 631b

124 1953 282 2009 Iti—(532³
303 1952 340 2007 13
364 1950 464 2022 agitur
488 1951 527 2005 de
551 1967 589 2004 ea
605 1949 723 2004 ratione
745 1967 805 2023 qua
820 1957 974 2005 mutantur
989 1947 1132 2004 animalia
1154 1956 1275 2005 castra·

122 2052 213 2111 tione.
257 2051 378 2108 namin
400 2051 434 2107 iis
458 2069 537 2124 quae
561 2051 733 2106 adiciuntur
758 2051 773 2120 ἓ
798 2052 962 2108 249—-251
992 2068 1020 2124 p.
1045 2049 1274 2109 632213—32

123 2171 185 2209 non
208 2155 268 2208 iam
292 2154 333 2208 de
355 2152 460 2208 haere
477 2153 594 2228 dicitur,
618 2153 674 2207 sed
697 2151 791 2208 fusius
815 2153 988 2227 disputatur
1002 2152 1041 2207 de
1065 2152 1132 2225 ipsa
1149 2160 1272 2209 castra·

123 2254 213 2310 tionis
247 2261 323 2321 arte,
357 2253 387 2308 id
420 2255 503 2328 quod
539 2254 620 2309 nullo
654 2253 773 2310 vinculo
808 2254 953 2310 cohaeret
991 2270 1060 2309 cum
1093 2253 1271 2328 proposito.

123 2357 222 2430 priora
246 2363 348 2410 autem
370 2355 420 2409 illa
442 2372 509 2411 cum
532 2373 557 2410 e.
585 2348 642 2412 49¹>
666 2355 830 2412 coniuncta
853 2355 963 2429 legisse
979 2355 1157 2429 scriptorem
1180 2356 1272 2429 apud

122 2465 277 2514 auctorem
300 2473 387 2511 suum
410 2456 540 2512 efficitur
562 2475 597 2513 ex
620 2457 722 2530 primis
746 2456 844 2512 verbis
871 2450 1061 2531 μεταβάλλει
1083 2451 1119 2514 δὲ
1142 2450 1184 2514 τὰ
1202 2454 1273 2536 ζῷα

122 2554 160 2618 οὐ
184 2553 362 2631 μόνοντὰ(
385 2554 511 2632 μορφά(
534 2553 603 2617 ἔνια
625 2555 677 2617 καὶ
699 2554 737 2615 τὸ
760 2552 838 2630 ἦθος
871 2554 952 2616 κατὰ
982 2553 1039 2616 τὰ(
1065 2551 1190 2628 ἡλικία(
1217 2553 1273 2617 καὶ

122 2656 178 2719 τὰ(
201 2655 294 2733 ὥρας,
317 2654 399 2717 ἀλλὰ
429 2655 481 2717 καὶ
510 2654 741 2732 ἑκτεμνόμενα;
778 2659 915 2715 nimirum
948 2678 973 2718 c,
995 2661 1033 2717 50
1069 2659 1100 2714 in
1136 2658 1271 2733 pristino

122 2778 221 2817 rerum
243 2760 349 2816 ordine
372 2761 556 2833 sequebatur
576 2770 668 2835 caput
691 2753 778 2819 1913,
823 2778 861 2816 ex
885 2761 993 2817 iisdem
1015 2760 1112 2817 verbis
1136 2768 1269 2835 apparet

122 2862 214 2918 etiam
237 2879 261 2919 c.
285 2863 334 2928 ts,
361 2862 412 2917 ubi
442 2870 608 2918 tractantur
639 2880 754 2918 morum
787 2870 879 2936 atque
912 2863 1041 2936 partium
1072 2862 1271 2936 quarundam

119 2961 314 3030 mutationes
348 2963 377 3017 in
405 2964 514 3019 eadem
548 2972 640 3037 atque
674 2964 775 3039 capita
809 2963 970 3037 sequentia
1004 2962 1270 3021 commentatione

120 3063 348 3137 compilatorem
370 3064 531 3123 invenisse.
574 3065 676 3138 itaque
700 3083 762 3122 non
785 3066 875 3121 video
898 3064 973 3139 quid
996 3065 1056 3120 veri
1081 3065 1119 3122 sit
1138 3064 1272 3123 similius

119 3181 211 3238 quam
233 3164 311 3221 haec
332 3165 371 3220 de
395 3165 611 3222 mutationibus
635 3184 758 3240 quoquo
776 3167 870 3222 modo
889 3165 1003 3222 effectis
1019 3165 1121 3223 omnia
1138 3175 1268 3241 sumpta

118 3283 186 3322 esse
209 3284 245 3323 ex
260 3262 475 3340 'Theophrasti
497 3264 568 3340 περὶ
590 3267 654 3326 τῶν
678 3262 871 3339 αὐτομάτων
897 3264 989 3346 Ζῴων
1011 3267 1096 3326 111)το.

218 3367 305 3423 Haec
326 3366 416 3423 habui
440 3384 518 3442 quae
541 3369 674 3424 dicerem
697 3370 737 3425 de
762 3369 872 3425 ultimis
903 3369 976 3424 noni
1009 3368 1074 3423 libri
1102 3367 1266 3442 capitibus.

120 3499 224 3506 -—-——.
227 3500 317 3506 ..--.--

220 3591 229 3627 ¹
249 3594 394 3643 Schneider
413 3595 480 3644 Saxo
499 3595 551 3646 vol.
571 3597 611 3645 IV
629 3613 655 3660 p.
675 3595 727 3648 404
753 3597 860 3646 adnotat
882 3595 1092 3666 disputationem
1116 3597 1149 3651 tie
1167 3598 1273 3653 omnine

119 3680 280 3734 obitualium
298 3683 328 3735 ia
347 3682 389 3734 lu's
407 3683 488 3736 libris
506 3683 537 3736 de
546 3684 655 3752 plantis
666 3700 799 3752 nusquam
814 3685 917 3754 ottiuyi
930 3684 1056 3739 memini.
1066 3689 1099 3740 cf.
1111 3704 1192 3754 supra
1202 3705 1229 3754 p.
1240 3689 1271 3741 6.
1326 3678 1334 3689 '

220 3766 283 3823 2cf.
303 3773 328 3823 d.
347 3788 405 3835 gen.
426 3775 502 3824 anim.
522 3775 535 3821 I
555 3773 580 3838 2,
602 3772 618 3825 5
637 3791 663 3839 p.
676 3774 853 3840 716b3sqq.
872 3776 913 3824 IV
927 3775 950 3834 1,
969 3775 1003 3828 26
1022 3793 1047 3842 p.
1060 3775 1128 3828 766³
1141 3775 1177 3829 24
1192 3792 1268 3843 sqq.;

121 3858 153 3910 cf,
175 3860 199 3906 V
217 3859 242 3919 3,
261 3857 295 3910 55
312 3877 337 3924 p.
357 3860 532 3927 tataosqq„
551 3863 576 3910 V
596 3862 620 3927 l,
640 3861 675 3914 88
693 3880 719 3928 p.
740 3861 807 3916 7871>
823 3863 856 3915 19
869 3879 927 3928 sqq.

219 3943 301 3996 3non
325 3956 386 4013 puto
410 3951 561 3998 mutandum
585 3967 643 3999 esse
668 3952 780 4015 capitum
807 3953 924 4001 ordinem
943 3968 1021 4017 quern
1046 3954 1135 4003 omnia
1160 3956 1269 4006 tradunt

120 4037 306 4100 manuscripta3
327 4038 391 4086 male
410 4046 479 4087 certe
499 4045 630 4087 mutarunt
648 4039 753 4103 plurimi
772 4041 888 4089 editores
904 4048 929 4090 et
942 4042 1055 4091 maiores
1068 4041 1157 4091 insunt
1171 4044 1269 4095 turbae

119 4125 147 4173 in
166 4127 250 4176 Gazae
271 4125 387 4174 versione
407 4135 433 4174 et
451 4127 479 4175 in
497 4127 613 4175 editione
632 4127 740 4185 Aldina,
760 4128 791 4178 cf.
812 4128 949 4177 Aubertus
970 4134 996 4176 et
1013 4129 1143 4178 Wimmer
1162 4130 1216 4181 vol.
1237 4132 1268 4180 11

120 4231 146 4279 p.
164 4213 224 4265 aas.
257 4221 391 4278 excerptor
410 4215 518 4263 divulsit
537 4231 566 4263 ac
585 4217 746 4279 transposuit
766 4215 945 4279 cohaerentia;
964 4216 1032 4266 idem
1051 4225 1095 4268 aut
1113 4218 1171 4282 ipse
1190 4218 1268 4270 finxit

120 4304 199 4351 verba
217 4319 238 4354 c.
253 4303 288 4354 50
305 4304 376 4356 κατὰ
394 4304 445 4355 τὰ(
464 4302 571 4371 ἡλικία(
590 4311 633 4353 aut
652 4321 709 4352 cum
730 4312 804 4354 antea
824 4306 952 4354 omisisset
971 4307 1108 4373 quaedam,
1127 4308 1265 4357 transitum

121 4391 241 4441 exhibuit
258 4392 373 4458 plenum.
