2654 4726
658 226 675 278 8

97 407 172 465 tavit
193 407 290 463 multo
313 403 450 479 patuisse
473 402 562 459 latius
585 419 678 476 quam
701 399 766 457 eius
782 417 842 473 quo
866 399 905 454 de
935 416 1043 454 vocum
1068 399 1243 459 differentia

97 509 236 566 eiusdem
269 504 443 564 animalium
474 504 596 578 generis
627 502 784 576 agebatur.
819 517 918 556 rursus
945 516 1036 556 voces
1071 502 1242 559 eorundem

98 609 273 670 animalium
294 607 386 665 etiam
414 606 501 662 variis
532 604 603 662 anni
632 602 819 677 temporibus
852 601 932 658 varie
967 619 1076 660 sonare
1109 613 1242 676 possunt
1282 654 1286 661 .

97 712 257 784 multisque
280 709 343 767 aliis
367 709 407 764 de
430 700 560 763 causisl.
592 705 673 762 idem
706 703 789 760 cadit
811 703 841 758 in
873 710 992 761 ceteros
1023 704 1101 761 duos
1136 706 1240 764 libros,

96 813 163 889 quis
186 813 292 868 credet
315 811 429 883 largam
451 807 531 864 illam
554 806 697 880 antiquae
730 804 943 880 philosophiae
966 805 1006 861 de
1040 807 1240 880 generatione

97 914 264 988 aequivoca
286 911 443 969 materiam
460 908 655 966 commixtam
679 924 746 965 esse
769 905 1016 981 aTheophrasto
1041 925 1109 963 cum
1133 908 1239 965 obser-

95 1015 267 1073 vationibus
289 1030 369 1088 quae
392 1012 431 1068 ad
454 1010 595 1068 animalia
617 1026 727 1084 magno
749 1025 876 1065 numero
904 1016 1031 1082 repente
1060 1011 1239 1083 apparentia
1281 1022 1285 1026 ’

97 1116 285 1192 spectabant,
301 1112 475 1188 praesertim
496 1129 564 1168 cum
579 1110 707 1184 plurima
723 1127 828 1166 eorum
842 1127 905 1166 non
920 1108 995 1166 fiant
1009 1105 1239 1185 οιιίτομάτιυε.)2

97 1248 135 1256 -
152 1215 337 1274 secernenda
353 1214 443 1289 igitur
458 1221 531 1269 sunt
552 1212 659 1268 horum
675 1211 816 1279 librorum
839 1210 1009 1284 fragmenta
1024 1229 1103 1286 quae
1118 1211 1238 1272 Roseus

96 1317 244 1376 confudit.
272 1332 373 1390 neque
397 1314 518 1371 difficile
530 1322 577 1370 est
593 1311 652 1368 hoc
672 1312 840 1385 negotium.
863 1329 933 1367 nam
950 1313 1053 1370 omnia
1069 1312 1240 1387 fragmenta

95 1419 189 1476 Rosei
204 1415 246 1492 (ρ.
264 1413 441 1489 328-332)
464 1415 618 1490 pertinent
640 1413 681 1471 ad
705 1414 810 1470 librum
831 1407 904 1486 περὶ
925 1414 991 1473 τῶν
1014 1411 1095 1473 κατὰ
1116 1411 1239 1475 τόπου(

94 1519 262 1594 διαφορῶν
284 1526 405 1592 praeter
424 1517 474 1573 illa
497 1515 604 1591 quibus
628 1515 728 1590 agitur
754 1516 793 1571 de
823 1531 930 1570 vocum
952 1515 983 1570 in
1005 1515 1162 1588 perdicum
1184 1535 1240 1591 ge·

95 1638 169 1676 nere
193 1618 362 1676 differentia
387 1615 428 1692 (p.
456 1617 515 1676 329
540 1610 630 1692 sup).
674 1615 774 1690 plures
795 1615 875 1672 enim
908 1615 1097 1672 narrationes
1130 1617 1161 1672 in
1192 1617 1238 1674 his

94 1722 213 1777 insunt:
236 1718 366 1793 primum
388 1734 479 1790 quam
502 1717 569 1792 ipso
593 1716 681 1773 titulo
703 1711 775 1790 περὶ
797 1711 1014 1790 ἑτεροφωνίας
1038 1717 1102 1776 τῶν
1125 1713 1238 1791 ὁμογε-
1285 1764 1289 1772 .

94 1818 159 1879 νῶν
181 1818 357 1893 praeposito
381 1817 483 1874 adfert
505 1818 616 1876 Athen.
640 1816 683 1873 IX
704 1835 733 1892 p.
758 1817 842 1888 390³,
877 1817 990 1874 deinde
1023 1835 1114 1892 quam
1145 1818 1240 1878 habet

94 1921 238 1977 Aelianus
262 1917 503 1978 d.n.a.11135
526 1919 557 1974 in
580 1917 675 1976 altera
694 1919 800 1994 capitis
823 1927 919 1993 parte,
954 1926 1017 1975 tum
1047 1936 1138 1993 quam
1162 1921 1239 1994 legi·

95 2039 161 2078 mus
184 2021 215 2076 in
239 2020 384 2093 Antigoni
403 2019 472 2078 hist.
497 2019 559 2079 mir.
577 2038 601 2079 c.
619 2022 646 2079 6.
670 2020 747 2077 haec
768 2020 858 2078 unica
880 2028 951 2077 sunt
972 2018 1142 2093 fragmenta
1158 2022 1239 2081 illius

93 2121 174 2180 libri:
209 2139 279 2177 nam
305 2121 397 2177 etiarn
415 2139 452 2176 ea
481 2139 562 2196 quae
584 2121 815 2196 Theophrastus
845 2121 976 2178 narravit
1009 2121 1049 2176 de
1082 2123 1172 2179 mutis
1205 2124 1239 2181 in

93 2221 220 2297 Seripho
243 2222 342 2280 insula
364 2223 444 2279 ranis
467 2223 654 2280 continuisse
678 2223 784 2279 librum
806 2219 878 2297 περὶ
911 2221 978 2282 τῶν
1002 2218 1083 2281 κατὰ
1115 2218 1236 2284 τόπου(

92 2322 260 2399 διαφορῶν
283 2331 412 2399 apparet
442 2341 478 2382 ex
513 2324 733 2381 sententiarum
766 2341 884 2381 conexu
917 2324 947 2380 in
981 2319 1136 2401 [Aristot]
1170 2326 1236 2385 mir.

92 2443 175 2486 ausc.
192 2443 218 2483 c,
235 2425 367 2483 68-70.
391 2425 494 2482 omnia
515 2424 592 2482 haec
615 2425 714 2500 capita
733 2442 796 2482 non
816 2433 982 2500 potuerunt
1008 2426 1102 2483 fluere
1133 2443 1170 2481 ex
1193 2427 1237 2482 al·

93 2535 159 2584 tero
181 2527 232 2583 illo
255 2526 347 2594 libro;
380 2544 452 2600 ergo
476 2527 579 2584 omnia
602 2536 721 2601 sumpta
744 2535 813 2584 sunt
837 2544 874 2582 ex
896 2527 956 2584 hoc
985 2537 1108 2603 propter
1130 2545 1235 2585 excer-

91 2627 185 2702 pendi
207 2644 322 2684 rnorem
344 2627 375 2683 in
397 2627 461 2685 mir.
486 2644 565 2685 ausc.
589 2623 785 2688 adhibitumss.

190 2726 252 2784 Sed
274 2727 445 2801 fragmenta
468 2727 533 2784 libri
553 2725 625 2804 περὶ
646 2729 712 2790 τῶν
733 2726 815 2790 κατὰ
829 2726 950 2790 τόπου(
970 2730 1138 2807 διαφορῶν
1152 2749 1237 2790 nunc

90 2828 151 2885 iam
173 2829 340 2903 paullulum
375 2847 488 2904 augere
521 2831 601 2890 licet.
624 2849 687 2888 non
717 2832 821 2889 media
849 2833 973 2890 demum
1006 2834 1118 2909 pagina
1151 2835 1236 2909 apud

92 2930 203 2989 Athen.
227 2929 269 2986 IX
291 2948 321 3005 p.
339 2931 400 2990 390
422 2932 569 3006 incipiunt
592 2931 824 3008 Theophrastea
851 2927 900 3009 (cf.
917 2933 1037 2991 Roseus
1059 2953 1089 3008 p.
1105 2935 1173 3009 329,
1190 2929 1235 3012 4),

91 3049 194 3088 verum
202 3039 327 3106 propter
336 3031 418 3088 idem
433 3042 644 3107 argumentum
658 3034 719 3089 veri
734 3042 782 3090 est
793 3035 890 3091 simile
906 3037 1019 3092 eodem
1028 3035 1234 3112 Theophrasti

90 3132 164 3189 libro
187 3133 231 3188 uti
254 3132 432 3218 scriptorem
457 3134 517 3190 iam
539 3152 569 3209 p.
589 3128 667 3192 390b
690 3133 756 3194 τῶν
778 3131 813 3194 δὲ
835 3133 995 3211 περδίκων
1017 3132 1099 3196 ἑετὶν
1121 3133 1235 3211 ἕτερον

90 3229 184 3304 γένος
206 3229 242 3294 ἐν
259 3220 372 3312 Ἰταλίᾳ
396 3228 541 3307 ἀμαυρὸν
569 3235 606 3312 τῇ
629 3231 782 3310 πτερώιει
807 3234 858 3295 καὶ
881 3233 1068 3313 μικρότερον
1095 3240 1133 3317 τῇ
1163 3235 1233 3312 ἕξει,

89 3330 127 3393 τὸ
149 3329 265 3409 ῥύγχοι
289 3330 360 3409 οὐχί
382 3330 606 3410 κινναβάρινον
629 3331 715 3411 ἔχον.
745 3333 775 3398 o‘r
797 3336 833 3398 δὲ
848 3336 921 3414 περὶ
942 3336 1000 3413 τὴν
1025 3336 1141 3415 Κίρραν
1158 3338 1231 3414 πέρ-

91 3434 176 3494 δικεε
199 3429 347 3510 ἄβρωτον
370 3431 474 3510 ἔχουει
496 3433 534 3496 τὸ
561 3433 656 3511 κρέα(
680 3435 732 3498 διὰ
759 3435 816 3498 τὰ(
839 3434 948 3513 νομάε.
971 3435 1014 3517 (c)
1044 3436 1074 3500 oi
1097 3439 1132 3501 δὲ
1162 3440 1233 3515 περὶ

89 3531 147 3608 τὴν
171 3531 327 3596 Βοιωτίαν
349 3532 368 3609 ἢ
392 3532 431 3595 οὐ
454 3532 670 3612 διαβαίνουειν
693 3533 737 3598 εἰ(
764 3536 823 3613 τὴν
848 3535 991 3613 Ἀττικὴν
1012 3538 1031 3615 ἢ
1054 3538 1232 3617 διαβαίνον-

89 3651 141 3696 rer
165 3637 202 3715 τῇ
224 3637 319 3714 φωνῇ
342 3631 488 3709 διάδηλοι
511 3633 683 3714 γίγνονται,
706 3635 850 3716 καθάπερ
877 3639 1110 3716 προειρήκαμεν
1134 3638 1232 3721 (initio

88 3733 244 3812 paginae).
275 3735 352 3798 τοὺ(
375 3736 410 3798 δὲ
425 3734 497 3814 περὶ
511 3735 748 3816 Παφλαγονίαν
760 3739 969 3819 γιγνομένου(
985 3742 1136 3819 πέρδικάς
1158 3764 1232 3822 qno

187 3992 198 4030 ¹
217 3997 251 4047 ci.
270 3997 352 4049 Arist.
371 3997 397 4048 h.
417 4014 440 4050 a.
458 3999 499 4047 IV
518 3998 543 4066 9,
564 3999 616 4052 106
636 4017 695 4067 sqq.
714 4018 739 4068 p.
759 4000 833 4056 536ει
847 4002 881 4056 13
902 4021 969 4071 sqq,
988 4007 1034 4071 qui
1052 4006 1127 4057 locus
1148 4008 1232 4058 Theo-

87 4084 221 4149 phrastum
240 4084 273 4133 ad
292 4085 358 4134 tales
377 4087 544 4152 quaestiones
564 4089 693 4141 adducere
711 4092 804 4156 potuit.

186 4167 199 4208 2
216 4188 270 4221 non
289 4173 361 4222 nulla
380 4190 442 4224 sane
461 4177 627 4239 generatione
647 4180 788 4246 aequivoca
804 4182 928 4242 oriuntur,
949 4183 982 4235 ci.
997 4183 1072 4236 Phot.
1086 4185 1156 4249 bybl.
1172 4187 1231 4237 cod.

86 4255 139 4311 278
158 4274 183 4322 p.
202 4257 263 4324 527,
285 4258 318 4312 12
336 4277 392 4327 sqq.
412 4265 442 4316 B.

186 4346 247 4402 les.
268 4367 293 4415 p.
315 4351 356 4404 16.
