2678 4732
570 248 574 257 .
672 206 688 258 9

106 382 317 462 θεόφραςτος
340 382 400 447 δύο
422 381 506 461 ἔχειν
528 382 667 461 καρδίας.
696 381 727 446 oi
750 380 777 445 o’
805 381 840 445 ὲν
869 380 990 464 (viduus
1017 387 1055 464 τῇ
1089 381 1173 463 νήςψ
1203 403 1253 444 κο·

105 483 197 564 χλίας
220 482 381 549 ἐςθίουςιῐ.
406 484 542 549 τίκτοοςι
565 480 592 546 δ’
605 482 708 548 ἐνίοτε
724 483 1018 547 καὶ’πεντεκαίδεκα
1040 481 1091 547 καὶ
1116 482 1156 556 ξ.
1180 486 1253 560 quid

106 598 212 647 autem
234 588 320 663 quod
343 588 391 646 hle
414 590 454 646 de
479 606 588 646 vocum
610 588 712 664 aliqua
730 589 957 663 permutatione
979 590 1140 663 perdicum
1162 591 1212 664 qui
1235 608 1253 647 a

105 690 237 749 Boeotia
258 691 289 747 in
311 691 445 749 Atticam
477 699 667 748 transmeant
695 707 795 747 sermo
820 687 874 747 fit?
910 708 1014 748 nonne
1043 692 1092 749 hle
1121 712 1153 749 re
1183 710 1253 751 vera

104 802 318 867 argumentum
346 793 411 850 libri
440 789 513 868 περὶ
535 787 751 867 ἑτεροφωνίας
775 793 840 853 τῶν
862 787 1030 866 ὁμογενῶν
1059 794 1253 868 coniungitur

103 912 176 953 eum
200 894 291 951 rebus
321 911 401 969 quae
431 894 585 969 pertinent
608 895 649 950 ad
672 893 799 951 alterum
823 893 905 950 illum
927 890 1055 950 librum?
1089 902 1120 951 at
1142 911 1251 952 secun·

104 998 180 1054 dum
203 995 279 1055 Plin.
302 1014 331 1054 n.
355 994 383 1055 h.
406 994 437 1051 X
460 995 498 1052 78
523 997 657 1068 perdices
677 1014 737 1053 nou
759 996 941 1054 transvolant
965 994 1103 1055 Boeotiae
1121 996 1196 1067 [ines
1219 997 1251 1056 iu

103 1091 256 1156 Αίίίοαννι2
288 1095 520 1172 Theophrastus
555 1096 595 1152 de
628 1095 679 1152 tali
714 1113 821 1152 vocum
851 1096 996 1152 varietate
1028 1096 1098 1152 nihil
1122 1097 1249 1157 dixerat.

103 1199 190 1257 vides
219 1198 281 1254 iam
307 1206 383 1273 puto
406 1197 480 1273 qnid
510 1197 669 1256 acciderit:
704 1198 838 1272 produnt
860 1196 1010 1254 Athenaei
1032 1186 1250 1274 negligentiam

101 1300 196 1375 ipsius
219 1300 310 1357 verba
330 1293 474 1374 vodolrico
496 1295 741 1374 προειρήκαμεν.
765 1299 831 1355 eius
854 1306 962 1356 auctor
984 1316 1047 1356 non
1060 1300 1198 1374 praebuit
1221 1300 1249 1358 ei

101 1402 160 1460 nisi
184 1401 276 1460 haec:
299 1395 329 1460 οἱ
345 1398 381 1460 δὲ
403 1396 476 1474 περὶ
490 1397 548 1473 τὴν
564 1395 718 1460 Βοιωτίαν
733 1395 772 1458 οὐ
788 1395 1003 1475 διαβαίνοοςιν
1018 1394 1063 1459 είς
1078 1396 1135 1473 τὴν
1150 1393 1249 1460 Ἀττι-

101 1499 176 1578 κήν;
200 1511 303 1561 cetera
325 1502 390 1576 ipse
413 1503 544 1570 novavit,
576 1520 644 1559 cum
672 1519 735 1558 non
758 1501 1016 1558 anImadverteret
1037 1519 1066 1574 p.
1092 1503 1168 1562 390²
1189 1502 1249 1559 dici

101 1605 143 1660 de
166 1597 362 1678 corydallot
385 1603 434 1660 hic
457 1604 496 1659 de
511 1602 641 1659 Boeotia
664 1611 756 1677 atque
778 1602 833 1659 has
856 1602 997 1677 regiones
1019 1603 1147 1661 multum
1169 1605 1248 1661 inter

100 1722 135 1763 se
158 1705 281 1763 distare.
306 1734 344 1746 -
367 1713 526 1779 praeterea
549 1721 648 1779 pauca
676 1703 847 1777 fragmenta
869 1704 1022 1761 accedunt
1044 1721 1081 1760 ex
1098 1705 1246 1781 Antigoni

99 1806 171 1865 hist.
192 1806 255 1866 mir.
280 1807 363 1863 cuius
387 1814 479 1881 caput
502 1808 520 1864 2
542 1805 662 1862 Roseus
686 1801 728 1880 (p.
753 1799 827 1880 329)
849 1813 880 1862 et
902 1803 1172 1863 Wilamowitzius4
1191 1825 1246 1882 pu·

99 1916 167 1967 taut
191 1927 229 1965 ex
253 1907 381 1965 Timaeo
412 1915 566 1981 sumptum
594 1923 671 1964 esse.
709 1914 740 1962 at
764 1905 919 1978 TImaeuS‚
950 1905 1033 1963 culus
1065 1908 1104 1963 de
1133 1906 1191 1965 hac
1213 1926 1244 1964 re

98 2009 233 2068 narratio
257 2027 294 2065 ex
317 2008 457 2065 DIodoro
473 2007 515 2064 lV
531 2010 581 2083 22,
600 2009 616 2065 5
642 2008 813 2083 repetenda
836 2015 890 2081 est,
915 2006 1082 2065 Herculem
1105 2017 1245 2066 orantem

98 2111 181 2186 facit,
205 2118 238 2168 ut
262 2110 389 2168 cicadae
412 2119 597 2167 evanescant
620 2105 769 2184 (ἀφανεῖς
793 2105 964 2184 γενέςθαι),
997 2127 1059 2165 non
1090 2109 1188 2167 solum
1211 2119 1244 2167 ut

98 2230 177 2270 voce
198 2213 360 2289 priventur.
383 2228 484 2286 neque
507 2211 540 2267 id
563 2212 709 2286 neglegas
730 2211 814 2285 quod
829 2219 895 2267 arte
910 2209 1054 2267 cohaeret
1069 2209 1129 2267 hoc
1151 2220 1243 2286 caput

98 2332 169 2372 cum
191 2314 291 2389 capite
315 2315 344 2385 4,
373 2313 423 2370 ubi
446 2312 537 2370 verba
564 2307 675 2387 οἱμὲν
699 2308 772 2386 περὶ
790 2299 987 2386 Ἡρακλέους
1015 2311 1181 2387 respiciunt
1201 2316 1243 2371 ad

96 2416 178 2475 illam
203 2414 409 2489 Rheginorum
444 2414 586 2474 fabulam.
622 2414 704 2490 atqui
736 2432 804 2471 cum
832 2432 858 2473 c.
884 2415 902 2470 4
931 2413 1169 2470 adscribendum
1204 2415 1242 2473 sit

96 2515 313 2591 Theophrasto
336 2511 386 2592 (cf.
402 2516 523 2573 Roseus
539 2534 569 2591 p.
580 2514 664 2589 330),
687 2515 794 2572 harum
810 2514 978 2572 fabularum
994 2514 1242 2574 coniunctionem
1306 2558 1312 2571 .

96 2619 180 2694 apud
199 2636 269 2674 eum
284 2617 398 2674 invenit
413 2618 604 2692 Antigonus,
620 2635 659 2673 an
682 2616 808 2691 cogitari
833 2624 947 2691 potest,
970 2616 995 2672 si
1009 2616 1075 2691 ipse
1092 2633 1144 2673 eas
1168 2634 1241 2674 con·

95 2720 252 2787 iunxisset,
286 2736 408 2776 omnem
437 2735 588 2776 conexum
616 2735 719 2774 rursus
749 2734 820 2773 eum
844 2716 1034 2774 sublaturum
1057 2715 1149 2774 fuisse
1173 2735 1198 2774 e.
1222 2720 1239 2776 3

95 2821 174 2879 male
204 2815 403 2895 interposito?
437 2821 540 2894 itaque
573 2819 634 2875 veri
663 2828 710 2876 est
740 2818 835 2875 simile
864 2818 894 2873 in
924 2817 1025 2892 capite
1053 2817 1112 2875 isto
1140 2818 1241 2877 inesse

94 2923 193 2998 ipsam
216 2922 296 2979 illam
319 2920 523 2997 Theophrasti
545 2921 749 2978 narrationem
774 2936 865 2994 quam
887 2917 993 2993 paucis
1016 2918 1048 2974 in
1069 2919 1145 2976 libro
1168 2917 1240 2994 περὶ

96 3018 314 3099 ἑτεροφωνίας
336 3021 402 3083 τῶν
436 3017 603 3097 ὁμογενῶν
636 3021 785 3095 siguificat
817 3021 900 3095 apud
922 3019 1037 3083 Aelian.
1060 3019 1102 3076 ΙΙΙ
1126 3021 1164 3080 35
1188 3018 1241 3082 καὶ

94 3119 247 3197 τεττίγων
269 3141 298 3184 τι
320 3120 413 3196 γένος
437 3117 563 3199 ἄφωνοι
590 3119 642 3183 καὶ
671 3117 761 3182 οὗτοι
784 3121 835 3194 (cf.
858 3122 979 3178 Roseus
1001 3138 1029 3194 p.
1050 3121 1120 3190 329,
1134 3117 1175 3195 3).
1198 3152 1240 3163 -

95 3225 197 3301 capita
224 3227 253 3293 3,
276 3226 305 3294 9,
331 3228 365 3283 11
384 3225 506 3282 fluxisse
528 3243 566 3281 ex
588 3226 662 3282 libro
679 3225 777 3299 aliquo
800 3223 939 3280 eiusdem
954 3222 1123 3294 argumenti
1143 3230 1237 3299 atque

94 3326 220 3385 Aristot.
244 3327 273 3385 h.
296 3345 322 3385 a.
348 3326 418 3383 VIII
440 3329 490 3393 28,
521 3328 578 3386 156
601 3346 630 3402 p.
654 3323 731 3386 605¹>
756 3327 887 3400 22sqq.,
920 3340 981 3378 non
1013 3339 1050 3380 ex
1082 3323 1149 3398 Ipso
1172 3324 1238 3381 Ari·

48 3412 52 3421 ’
95 3427 206 3485 stoteIe
227 3437 310 3485 recte
333 3428 506 3485 observavit
529 3427 784 3485 Wilamowitzius.
819 3435 913 3500 atque
936 3441 961 3482 c.
975 3426 1010 3480 11
1036 3423 1157 3481 Roseus
1178 3425 1238 3482 iam

93 3527 218 3585 inseruit
241 3526 416 3604 fragmentis
437 3528 502 3585 libri
536 3524 609 3603 περὶ
641 3530 705 3589 τῶν
735 3524 817 3588 κατὰ
835 3522 954 3585 τόπους
983 3522 1160 3600 διαφορῶν.
1184 3545 1237 3584 eo-

95 3629 166 3685 dem
188 3630 340 3704 pertinere
364 3648 388 3687 c.
413 3632 430 3688 3
454 3639 485 3687 et
507 3634 524 3691 9
553 3632 763 3689 demonstrare
790 3641 1049 3704 supervacaneum
1073 3637 1128 3686 est.
1158 3629 1237 3686 male

94 3748 165 3787 vero
188 3738 220 3787 et
243 3730 362 3788 Roseus
386 3740 416 3789 et
439 3730 683 3790 Wilamowitzius
706 3733 788 3790 idem
810 3731 984 3788 statuerunt
1003 3742 1043 3797 de
1067 3754 1091 3797 ς,
1116 3734 1163 3792 10,
1188 3730 1236 3788 vix

95 3888 293 3898 ——--

192 3987 202 4025 ¹
222 3991 254 4042 cs.
275 3991 308 4041 de
327 3991 369 4041 his
388 3993 456 4042 inira
474 4009 499 4058 p.
519 3992 562 4046 37.

191 4075 258 4129 2sic
277 4079 445 4130 scribendum
465 4098 496 4131 ex
515 4081 596 4134 Solin.
616 4083 639 4148 l,
660 4083 709 4152 ‘283
729 4087 762 4137 cs.
782 4089 891 4137 Roseus
912 4105 938 4153 p.
957 4088 1018 4141 328.

191 4164 203 4201 ³
220 4174 309 4233 potest
327 4167 443 4233 intellegi
462 4177 488 4219 et
506 4186 582 4221 mons
603 4179 628 4221 et
647 4173 748 4242 δῆμος
767 4175 799 4226 de
811 4182 920 4242 utroque
934 4178 968 4230 cs.
982 4179 1076 4228 Strabo
1089 4180 1132 4228 IX
1145 4195 1170 4244 p.
1182 4176 1235 4232 395

93 4264 120 4307 et
136 4254 197 4309 399.

191 4340 254 4399 4ςίο
273 4342 412 4414 Antigono
430 4343 555 4416 Carystio
573 4365 599 4414 p.
619 4347 651 4400 21
673 4350 732 4403 adn.
754 4350 795 4402 10.
