<?xml version="1.0" encoding="UTF-8"?>
<!DOCTYPE html PUBLIC "-//W3C//DTD XHTML 1.0 Transitional//EN"
    "http://www.w3.org/TR/xhtml1/DTD/xhtml1-transitional.dtd">
<html xmlns="http://www.w3.org/1999/xhtml" xml:lang="en" lang="en">
 <head>
  <title>
</title>
<meta http-equiv="Content-Type" content="text/html;charset=utf-8" />
  <meta name='ocr-system' content='tesseract 3.04.00' />
  <meta name='ocr-capabilities' content='ocr_page ocr_carea ocr_par ocr_line ocrx_word'/>
</head>
<body>
  <div class='ocr_page' id='page_1' title='image "./detheophrastili00joacgoog_0031.png"; bbox 0 0 2654 4726; ppageno 0'>
   <div class='ocr_carea' id='block_1_1' title="bbox 644 210 678 266">
    <p class='ocr_par' dir='ltr' id='par_1_1' title="bbox 644 210 678 266">
     <span class='ocr_line' id='line_1_1' title="bbox 644 210 678 266; baseline -0.088 0"><span class='ocrx_word' id='word_1_1' title='bbox 644 210 678 266; x_wconf 70' lang='lat'>28</span> 
     </span>
    </p>
   </div>
   <div class='ocr_carea' id='block_1_2' title="bbox 52 383 1132 3601">
    <p class='ocr_par' dir='ltr' id='par_1_2' title="bbox 52 383 1132 3601">
     <span class='ocr_line' id='line_1_2' title="bbox 193 383 1132 465; baseline -0.01 -17"><span class='ocrx_word' id='word_1_2' title='bbox 193 391 357 465; x_wconf 84' lang='lat' dir='ltr'>Pergamus</span> <span class='ocrx_word' id='word_1_3' title='bbox 381 409 460 447; x_wconf 87' lang='lat' dir='ltr'>nune</span> <span class='ocrx_word' id='word_1_4' title='bbox 483 391 523 447; x_wconf 84' lang='lat' dir='ltr'>ad</span> <span class='ocrx_word' id='word_1_5' title='bbox 546 407 570 448; x_wconf 87' lang='lat' dir='ltr'>c.</span> <span class='ocrx_word' id='word_1_6' title='bbox 585 389 602 447; x_wconf 80' lang='lat' dir='ltr'>Ii</span> <span class='ocrx_word' id='word_1_7' title='bbox 621 407 650 463; x_wconf 88' lang='lat' dir='ltr'>p.</span> <span class='ocrx_word' id='word_1_8' title='bbox 663 383 740 447; x_wconf 80' lang='lat' dir='ltr'>tilib</span> <span class='ocrx_word' id='word_1_9' title='bbox 759 389 796 444; x_wconf 79' lang='lat'>32</span> <span class='ocrx_word' id='word_1_10' title='bbox 812 406 877 463; x_wconf 87' lang='lat' dir='ltr'>sqq.</span> <span class='ocrx_word' id='word_1_11' title='bbox 902 387 1004 443; x_wconf 84' lang='lat' dir='ltr'>omnia</span> <span class='ocrx_word' id='word_1_12' title='bbox 1027 388 1132 461; x_wconf 70' lang='lat' dir='ltr'>optimi</span> 
     </span>
     <span class='ocr_line' id='line_1_3' title="bbox 92 484 1132 570; baseline -0.005 -20"><span class='ocrx_word' id='word_1_13' title='bbox 92 495 183 551; x_wconf 90' lang='lat' dir='ltr'>drant</span> <span class='ocrx_word' id='word_1_14' title='bbox 205 493 247 550; x_wconf 89' lang='lat' dir='ltr'>ad</span> <span class='ocrx_word' id='word_1_15' title='bbox 269 501 480 568; x_wconf 85' lang='lat' dir='ltr'>argumentum</span> <span class='ocrx_word' id='word_1_16' title='bbox 502 491 567 548; x_wconf 86' lang='lat' dir='ltr'>libri</span> <span class='ocrx_word' id='word_1_17' title='bbox 595 488 667 564; x_wconf 87' lang='grc' dir='ltr'>περὶ</span> <span class='ocrx_word' id='word_1_18' title='bbox 693 488 782 570; x_wconf 84' lang='grc' dir='ltr'>Ζῴων</span> <span class='ocrx_word' id='word_1_19' title='bbox 805 484 990 564; x_wconf 76' lang='grc' dir='ltr'>φρονήεεω(</span> <span class='ocrx_word' id='word_1_20' title='bbox 1014 484 1066 546; x_wconf 86' lang='grc' dir='ltr'>καὶ</span> <span class='ocrx_word' id='word_1_21' title='bbox 1086 484 1132 561; x_wconf 71' lang='grc' dir='ltr'>ἤθε</span> 
     </span>
     <span class='ocr_line' id='line_1_4' title="bbox 93 589 1131 669; baseline -0.005 -18"><span class='ocrx_word' id='word_1_22' title='bbox 93 593 120 651; x_wconf 89' lang='grc' dir='ltr'><strong>Τ</strong></span> <span class='ocrx_word' id='word_1_23' title='bbox 123 593 325 669; x_wconf 85' lang='lat' dir='ltr'>heophrastea</span> <span class='ocrx_word' id='word_1_24' title='bbox 348 611 415 650; x_wconf 88' lang='lat' dir='ltr'>esse</span> <span class='ocrx_word' id='word_1_25' title='bbox 438 610 517 666; x_wconf 88' lang='lat' dir='ltr'>quae</span> <span class='ocrx_word' id='word_1_26' title='bbox 540 602 699 649; x_wconf 89' lang='lat' dir='ltr'>narrantur</span> <span class='ocrx_word' id='word_1_27' title='bbox 722 589 792 667; x_wconf 74' lang='lat'>§42</span> <span class='ocrx_word' id='word_1_28' title='bbox 816 610 844 665; x_wconf 91' lang='lat' dir='ltr'>p.</span> <span class='ocrx_word' id='word_1_29' title='bbox 863 592 940 649; x_wconf 73' lang='lat'><strong>612³</strong></span> <span class='ocrx_word' id='word_1_30' title='bbox 958 594 986 667; x_wconf 85' lang='lat'>3,</span> <span class='ocrx_word' id='word_1_31' title='bbox 1010 592 1050 648; x_wconf 78' lang='lat'>43</span> <span class='ocrx_word' id='word_1_32' title='bbox 1067 594 1131 665; x_wconf 73' lang='lat' dir='ltr'>pir</span> 
     </span>
     <span class='ocr_line' id='line_1_5' title="bbox 92 686 1132 771; baseline 0 -19"><span class='ocrx_word' id='word_1_33' title='bbox 92 696 130 753; x_wconf 88' lang='grc'>45</span> <span class='ocrx_word' id='word_1_34' title='bbox 154 715 183 771; x_wconf 95' lang='lat' dir='ltr'>p.</span> <span class='ocrx_word' id='word_1_35' title='bbox 201 699 277 754; x_wconf 75' lang='lat'>612²</span> <span class='ocrx_word' id='word_1_36' title='bbox 302 697 351 764; x_wconf 80' lang='lat'>20,</span> <span class='ocrx_word' id='word_1_37' title='bbox 372 697 411 754; x_wconf 82' lang='lat'>46</span> <span class='ocrx_word' id='word_1_38' title='bbox 435 695 557 770; x_wconf 65' lang='lat' dir='ltr'>pom</span> <span class='ocrx_word' id='word_1_39' title='bbox 575 697 624 762; x_wconf 82' lang='lat'>24,</span> <span class='ocrx_word' id='word_1_40' title='bbox 648 697 687 752; x_wconf 83' lang='lat'>49</span> <span class='ocrx_word' id='word_1_41' title='bbox 711 713 739 768; x_wconf 91' lang='lat' dir='ltr'>p.</span> <span class='ocrx_word' id='word_1_42' title='bbox 760 687 837 751; x_wconf 76' lang='lat' dir='ltr'>(312b</span> <span class='ocrx_word' id='word_1_43' title='bbox 858 698 888 761; x_wconf 80' lang='lat' dir='ltr'>i,</span> <span class='ocrx_word' id='word_1_44' title='bbox 911 696 950 753; x_wconf 81' lang='lat'>50</span> <span class='ocrx_word' id='word_1_45' title='bbox 973 712 1002 767; x_wconf 91' lang='lat' dir='ltr'>p.</span> <span class='ocrx_word' id='word_1_46' title='bbox 1021 686 1132 752; x_wconf 74' lang='lat' dir='ltr'>olsbl</span> 
     </span>
     <span class='ocr_line' id='line_1_6' title="bbox 91 796 1131 872; baseline 0.002 -19"><span class='ocrx_word' id='word_1_47' title='bbox 91 800 301 871; x_wconf 88' lang='lat' dir='ltr'>cognovaus,</span> <span class='ocrx_word' id='word_1_48' title='bbox 323 815 391 855; x_wconf 91' lang='lat' dir='ltr'>cum</span> <span class='ocrx_word' id='word_1_49' title='bbox 414 797 660 872; x_wconf 82' lang='lat' dir='ltr'>perlustraremus</span> <span class='ocrx_word' id='word_1_50' title='bbox 684 796 746 852; x_wconf 82' lang='lat' dir='ltr'>mit.</span> <span class='ocrx_word' id='word_1_51' title='bbox 764 813 846 855; x_wconf 90' lang='lat' dir='ltr'>ausc.</span> <span class='ocrx_word' id='word_1_52' title='bbox 864 815 887 854; x_wconf 93' lang='lat' dir='ltr'>c.</span> <span class='ocrx_word' id='word_1_53' title='bbox 905 801 932 872; x_wconf 78' lang='lat'>4,</span> <span class='ocrx_word' id='word_1_54' title='bbox 957 800 984 863; x_wconf 87' lang='grc'>6,</span> <span class='ocrx_word' id='word_1_55' title='bbox 1010 797 1036 869; x_wconf 87' lang='grc'>7,</span> <span class='ocrx_word' id='word_1_56' title='bbox 1060 797 1090 865; x_wconf 87' lang='lat'>8,</span> <span class='ocrx_word' id='word_1_57' title='bbox 1116 801 1131 855; x_wconf 91' lang='lat'>1</span> 
     </span>
     <span class='ocr_line' id='line_1_7' title="bbox 91 889 1132 973; baseline 0.005 -21"><span class='ocrx_word' id='word_1_58' title='bbox 91 897 149 953; x_wconf 85' lang='lat' dir='ltr'>sed</span> <span class='ocrx_word' id='word_1_59' title='bbox 168 899 322 954; x_wconf 89' lang='lat' dir='ltr'>accedunt</span> <span class='ocrx_word' id='word_1_60' title='bbox 343 899 410 958; x_wconf 89' lang='lat' dir='ltr'>alia.</span> <span class='ocrx_word' id='word_1_61' title='bbox 456 894 525 971; x_wconf 78' lang='lat'>§41</span> <span class='ocrx_word' id='word_1_62' title='bbox 551 918 580 973; x_wconf 95' lang='lat' dir='ltr'>p.</span> <span class='ocrx_word' id='word_1_63' title='bbox 598 889 674 955; x_wconf 78' lang='lat' dir='ltr'>611b</span> <span class='ocrx_word' id='word_1_64' title='bbox 694 900 733 955; x_wconf 84' lang='lat'>34</span> <span class='ocrx_word' id='word_1_65' title='bbox 768 893 819 955; x_wconf 83' lang='grc' dir='ltr'>καὶ</span> <span class='ocrx_word' id='word_1_66' title='bbox 847 892 926 956; x_wconf 88' lang='grc' dir='ltr'>ὅταν</span> <span class='ocrx_word' id='word_1_67' title='bbox 955 894 989 955; x_wconf 80' lang='grc' dir='ltr'>ἐκ</span> <span class='ocrx_word' id='word_1_68' title='bbox 1018 897 1076 957; x_wconf 80' lang='grc' dir='ltr'>τοῦ</span> <span class='ocrx_word' id='word_1_69' title='bbox 1108 915 1132 972; x_wconf 87' lang='grc' dir='ltr'>φ</span> 
     </span>
     <span class='ocr_line' id='line_1_8' title="bbox 91 993 1132 1074; baseline 0 -17"><span class='ocrx_word' id='word_1_70' title='bbox 91 994 246 1067; x_wconf 61' lang='lat' dir='ltr'>isthemo,</span> <span class='ocrx_word' id='word_1_71' title='bbox 274 998 405 1073; x_wconf 88' lang='grc' dir='ltr'>πρῶτον</span> <span class='ocrx_word' id='word_1_72' title='bbox 426 995 464 1059; x_wconf 89' lang='grc' dir='ltr'>τὸ</span> <span class='ocrx_word' id='word_1_73' title='bbox 487 993 567 1074; x_wconf 88' lang='grc' dir='ltr'>ἄρον</span> <span class='ocrx_word' id='word_1_74' title='bbox 590 995 755 1072; x_wconf 78' lang='grc' dir='ltr'>ἐεθίουειν,</span> <span class='ocrx_word' id='word_1_75' title='bbox 786 993 891 1072; x_wconf 75' lang='grc' dir='ltr'>ὥοπερ</span> <span class='ocrx_word' id='word_1_76' title='bbox 920 993 1040 1071; x_wconf 86' lang='grc' dir='ltr'>εἴρηται</span> <span class='ocrx_word' id='word_1_77' title='bbox 1069 995 1132 1072; x_wconf 92' lang='grc' dir='ltr'>πρό</span> 
     </span>
     <span class='ocr_line' id='line_1_9' title="bbox 91 1093 1128 1174; baseline -0.002 -17"><span class='ocrx_word' id='word_1_78' title='bbox 91 1095 142 1159; x_wconf 89' lang='grc' dir='ltr'>καὶ</span> <span class='ocrx_word' id='word_1_79' title='bbox 162 1096 201 1159; x_wconf 90' lang='grc' dir='ltr'>τὰ</span> <span class='ocrx_word' id='word_1_80' title='bbox 223 1095 301 1160; x_wconf 84' lang='grc' dir='ltr'>ξύλα</span> <span class='ocrx_word' id='word_1_81' title='bbox 325 1099 538 1174; x_wconf 76' lang='grc' dir='ltr'>διαμαεῶνται</span> <span class='ocrx_word' id='word_1_82' title='bbox 560 1095 664 1173; x_wconf 71' lang='grc' dir='ltr'>ὥοπερ</span> <span class='ocrx_word' id='word_1_83' title='bbox 688 1093 945 1172; x_wconf 71' lang='grc' dir='ltr'>ὀλοντοφυοῦςαι</span> <span class='ocrx_word' id='word_1_84' title='bbox 968 1100 1065 1155; x_wconf 83' lang='lat' dir='ltr'>lector</span> <span class='ocrx_word' id='word_1_85' title='bbox 1087 1100 1128 1155; x_wconf 85' lang='lat' dir='ltr'>rel</span> 
     </span>
     <span class='ocr_line' id='line_1_10' title="bbox 90 1193 1132 1276; baseline 0 -21"><span class='ocrx_word' id='word_1_86' title='bbox 90 1201 132 1255; x_wconf 88' lang='lat' dir='ltr'>ad</span> <span class='ocrx_word' id='word_1_87' title='bbox 155 1201 278 1261; x_wconf 87' lang='lat' dir='ltr'>Aristot.</span> <span class='ocrx_word' id='word_1_88' title='bbox 302 1199 330 1260; x_wconf 93' lang='lat' dir='ltr'>h.</span> <span class='ocrx_word' id='word_1_89' title='bbox 352 1218 379 1257; x_wconf 88' lang='lat' dir='ltr'>a.</span> <span class='ocrx_word' id='word_1_90' title='bbox 397 1200 467 1256; x_wconf 90' lang='lat' dir='ltr'>VIII</span> <span class='ocrx_word' id='word_1_91' title='bbox 491 1204 539 1276; x_wconf 82' lang='lat'>17,</span> <span class='ocrx_word' id='word_1_92' title='bbox 566 1202 623 1260; x_wconf 88' lang='grc'>112</span> <span class='ocrx_word' id='word_1_93' title='bbox 647 1220 676 1276; x_wconf 88' lang='lat' dir='ltr'>p.</span> <span class='ocrx_word' id='word_1_94' title='bbox 701 1193 778 1258; x_wconf 72' lang='lat'>600¹&gt;</span> <span class='ocrx_word' id='word_1_95' title='bbox 803 1203 820 1258; x_wconf 83' lang='grc'><strong>9</strong></span> <span class='ocrx_word' id='word_1_96' title='bbox 844 1197 971 1270; x_wconf 81' lang='grc' dir='ltr'>λέγεται</span> <span class='ocrx_word' id='word_1_97' title='bbox 994 1197 1029 1259; x_wconf 81' lang='grc' dir='ltr'>δὲ</span> <span class='ocrx_word' id='word_1_98' title='bbox 1054 1197 1107 1259; x_wconf 87' lang='grc' dir='ltr'>καὶ</span> <span class='ocrx_word' id='word_1_99' title='bbox 1128 1202 1132 1255; x_wconf 74' lang='lat' dir='ltr'>l</span> 
     </span>
     <span class='ocr_line' id='line_1_11' title="bbox 91 1297 1132 1380; baseline -0.001 -20"><span class='ocrx_word' id='word_1_100' title='bbox 91 1298 190 1375; x_wconf 80' lang='grc' dir='ltr'>μηδὲν</span> <span class='ocrx_word' id='word_1_101' title='bbox 212 1298 447 1376; x_wconf 80' lang='grc' dir='ltr'>προεφέρεεθαι</span> <span class='ocrx_word' id='word_1_102' title='bbox 470 1298 507 1361; x_wconf 91' lang='grc' dir='ltr'>τὸ</span> <span class='ocrx_word' id='word_1_103' title='bbox 531 1297 662 1376; x_wconf 83' lang='grc' dir='ltr'>ἔντερον</span> <span class='ocrx_word' id='word_1_104' title='bbox 684 1297 796 1373; x_wconf 87' lang='grc' dir='ltr'>ὀλίγου</span> <span class='ocrx_word' id='word_1_105' title='bbox 813 1297 1007 1376; x_wconf 77' lang='grc' dir='ltr'>τυμφύεεθυι</span> <span class='ocrx_word' id='word_1_106' title='bbox 1023 1297 1104 1380; x_wconf 84' lang='grc' dir='ltr'>αὐτῇ</span> <span class='ocrx_word' id='word_1_107' title='bbox 1129 1314 1132 1360; x_wconf 80' lang='grc' dir='ltr'>ν</span> 
     </span>
     <span class='ocr_line' id='line_1_12' title="bbox 90 1395 1131 1481; baseline 0 -20"><span class='ocrx_word' id='word_1_108' title='bbox 90 1395 211 1481; x_wconf 80' lang='grc' dir='ltr'>ἄρκτῳ)</span> <span class='ocrx_word' id='word_1_109' title='bbox 244 1399 296 1462; x_wconf 86' lang='grc' dir='ltr'>καὶ</span> <span class='ocrx_word' id='word_1_110' title='bbox 329 1399 381 1462; x_wconf 83' lang='grc' dir='ltr'>διὰ</span> <span class='ocrx_word' id='word_1_111' title='bbox 412 1398 530 1462; x_wconf 88' lang='grc' dir='ltr'>τούτου</span> <span class='ocrx_word' id='word_1_112' title='bbox 559 1403 687 1478; x_wconf 87' lang='grc' dir='ltr'>πρῶτον</span> <span class='ocrx_word' id='word_1_113' title='bbox 727 1399 872 1463; x_wconf 78' lang='grc' dir='ltr'>ἐξιοῦεαν</span> <span class='ocrx_word' id='word_1_114' title='bbox 899 1397 1045 1473; x_wconf 77' lang='grc' dir='ltr'>γεύεεθυι</span> <span class='ocrx_word' id='word_1_115' title='bbox 1072 1402 1131 1461; x_wconf 87' lang='grc' dir='ltr'>τοῦ</span> 
     </span>
     <span class='ocr_line' id='line_1_13' title="bbox 91 1497 1104 1578; baseline -0.002 -17"><span class='ocrx_word' id='word_1_116' title='bbox 91 1497 171 1577; x_wconf 80' lang='grc' dir='ltr'>πρὸ(</span> <span class='ocrx_word' id='word_1_117' title='bbox 194 1501 231 1563; x_wconf 93' lang='grc' dir='ltr'>τὸ</span> <span class='ocrx_word' id='word_1_118' title='bbox 254 1498 424 1578; x_wconf 82' lang='grc' dir='ltr'>ἀφιετάναι</span> <span class='ocrx_word' id='word_1_119' title='bbox 447 1501 484 1563; x_wconf 91' lang='grc' dir='ltr'>τὸ</span> <span class='ocrx_word' id='word_1_120' title='bbox 507 1498 638 1577; x_wconf 79' lang='grc' dir='ltr'>ἔντερον</span> <span class='ocrx_word' id='word_1_121' title='bbox 662 1500 713 1562; x_wconf 84' lang='grc' dir='ltr'>καὶ</span> <span class='ocrx_word' id='word_1_122' title='bbox 736 1499 921 1577; x_wconf 82' lang='grc' dir='ltr'>διευρύνειν.</span> <span class='ocrx_word' id='word_1_123' title='bbox 967 1503 1034 1559; x_wconf 86' lang='lat' dir='ltr'>luce</span> <span class='ocrx_word' id='word_1_124' title='bbox 1058 1513 1104 1559; x_wconf 85' lang='lat' dir='ltr'>est</span> 
     </span>
     <span class='ocr_line' id='line_1_14' title="bbox 92 1600 1131 1678; baseline 0.004 -20"><span class='ocrx_word' id='word_1_125' title='bbox 92 1604 164 1660; x_wconf 91' lang='lat' dir='ltr'>noni</span> <span class='ocrx_word' id='word_1_126' title='bbox 187 1604 252 1661; x_wconf 89' lang='lat' dir='ltr'>libri</span> <span class='ocrx_word' id='word_1_127' title='bbox 275 1605 375 1662; x_wconf 91' lang='lat' dir='ltr'>locum</span> <span class='ocrx_word' id='word_1_128' title='bbox 397 1621 459 1662; x_wconf 91' lang='lat' dir='ltr'>non</span> <span class='ocrx_word' id='word_1_129' title='bbox 482 1621 551 1661; x_wconf 87' lang='lat' dir='ltr'>esse</span> <span class='ocrx_word' id='word_1_130' title='bbox 575 1615 751 1678; x_wconf 84' lang='lat' dir='ltr'>excerptum</span> <span class='ocrx_word' id='word_1_131' title='bbox 774 1622 811 1659; x_wconf 83' lang='lat' dir='ltr'>ex</span> <span class='ocrx_word' id='word_1_132' title='bbox 836 1600 1036 1662; x_wconf 74' lang='lat' dir='ltr'>Aristotelel:</span> <span class='ocrx_word' id='word_1_133' title='bbox 1061 1624 1131 1662; x_wconf 89' lang='lat' dir='ltr'>narn</span> 
     </span>
     <span class='ocr_line' id='line_1_15' title="bbox 91 1704 1132 1780; baseline 0.006 -20"><span class='ocrx_word' id='word_1_134' title='bbox 91 1705 219 1780; x_wconf 89' lang='lat' dir='ltr'>praebet</span> <span class='ocrx_word' id='word_1_135' title='bbox 241 1724 332 1780; x_wconf 89' lang='lat' dir='ltr'>quam</span> <span class='ocrx_word' id='word_1_136' title='bbox 355 1706 413 1764; x_wconf 88' lang='lat' dir='ltr'>ille.</span> <span class='ocrx_word' id='word_1_137' title='bbox 432 1706 507 1762; x_wconf 87' lang='lat' dir='ltr'>hoc</span> <span class='ocrx_word' id='word_1_138' title='bbox 529 1707 596 1780; x_wconf 92' lang='lat' dir='ltr'>ipso</span> <span class='ocrx_word' id='word_1_139' title='bbox 620 1707 692 1762; x_wconf 92' lang='lat' dir='ltr'>noni</span> <span class='ocrx_word' id='word_1_140' title='bbox 716 1706 780 1761; x_wconf 91' lang='lat' dir='ltr'>libri</span> <span class='ocrx_word' id='word_1_141' title='bbox 803 1706 1016 1762; x_wconf 87' lang='lat' dir='ltr'>additamento</span> <span class='ocrx_word' id='word_1_142' title='bbox 1039 1704 1090 1765; x_wconf 85' lang='grc' dir='ltr'>καὶ</span> <span class='ocrx_word' id='word_1_143' title='bbox 1105 1723 1132 1765; x_wconf 77' lang='grc' dir='ltr'>τ(</span> 
     </span>
     <span class='ocr_line' id='line_1_16' title="bbox 92 1803 1130 1882; baseline 0 -16"><span class='ocrx_word' id='word_1_144' title='bbox 92 1808 305 1881; x_wconf 77' lang='grc' dir='ltr'>διαματῶντου</span> <span class='ocrx_word' id='word_1_145' title='bbox 329 1803 444 1882; x_wconf 71' lang='grc' dir='ltr'>ὥοπερ</span> <span class='ocrx_word' id='word_1_146' title='bbox 460 1803 717 1882; x_wconf 77' lang='grc' dir='ltr'>ὀοοντοφυοῦεου</span> <span class='ocrx_word' id='word_1_147' title='bbox 739 1809 880 1880; x_wconf 80' lang='lat' dir='ltr'>agnoscis</span> <span class='ocrx_word' id='word_1_148' title='bbox 896 1807 1130 1881; x_wconf 82' lang='lat' dir='ltr'>Theophrastea</span> 
     </span>
     <span class='ocr_line' id='line_1_17' title="bbox 90 1906 1132 1983; baseline 0.003 -20"><span class='ocrx_word' id='word_1_149' title='bbox 90 1907 201 1980; x_wconf 87' lang='lat' dir='ltr'>ginem.</span> <span class='ocrx_word' id='word_1_150' title='bbox 246 1910 271 1967; x_wconf 82' lang='lat' dir='ltr'>Is</span> <span class='ocrx_word' id='word_1_151' title='bbox 293 1910 412 1966; x_wconf 83' lang='lat' dir='ltr'>dixerat</span> <span class='ocrx_word' id='word_1_152' title='bbox 442 1910 473 1966; x_wconf 90' lang='lat' dir='ltr'>in</span> <span class='ocrx_word' id='word_1_153' title='bbox 513 1910 587 1967; x_wconf 92' lang='lat' dir='ltr'>libro</span> <span class='ocrx_word' id='word_1_154' title='bbox 621 1906 691 1983; x_wconf 88' lang='grc' dir='ltr'>περὶ</span> <span class='ocrx_word' id='word_1_155' title='bbox 723 1910 787 1968; x_wconf 86' lang='grc' dir='ltr'>τῶν</span> <span class='ocrx_word' id='word_1_156' title='bbox 820 1906 1036 1983; x_wconf 80' lang='grc' dir='ltr'>φωλευόντων</span> <span class='ocrx_word' id='word_1_157' title='bbox 1070 1929 1132 1968; x_wconf 82' lang='lat' dir='ltr'>secr</span> 
     </span>
     <span class='ocr_line' id='line_1_18' title="bbox 91 2007 1132 2083; baseline 0.006 -19"><span class='ocrx_word' id='word_1_158' title='bbox 91 2007 164 2066; x_wconf 92' lang='lat' dir='ltr'>Plin.</span> <span class='ocrx_word' id='word_1_159' title='bbox 190 2028 220 2069; x_wconf 90' lang='lat' dir='ltr'>n.</span> <span class='ocrx_word' id='word_1_160' title='bbox 250 2009 278 2069; x_wconf 91' lang='lat' dir='ltr'>h.</span> <span class='ocrx_word' id='word_1_161' title='bbox 302 2009 373 2066; x_wconf 92' lang='lat' dir='ltr'>VIII</span> <span class='ocrx_word' id='word_1_162' title='bbox 409 2012 463 2068; x_wconf 83' lang='lat'>129</span> <span class='ocrx_word' id='word_1_163' title='bbox 503 2016 639 2069; x_wconf 83' lang='lat' dir='ltr'>eueuutes</span> <span class='ocrx_word' id='word_1_164' title='bbox 677 2011 793 2069; x_wconf 73' lang='lat' dir='ltr'>herbo-ru</span> <span class='ocrx_word' id='word_1_165' title='bbox 826 2014 976 2083; x_wconf 74' lang='lat' dir='ltr'>quorsumn</span> <span class='ocrx_word' id='word_1_166' title='bbox 1006 2032 1090 2070; x_wconf 83' lang='lat' dir='ltr'>urtun</span> <span class='ocrx_word' id='word_1_167' title='bbox 1124 2034 1132 2071; x_wconf 82' lang='lat' dir='ltr'>r</span> 
     </span>
     <span class='ocr_line' id='line_1_19' title="bbox 91 2110 1132 2187; baseline 0.005 -19"><span class='ocrx_word' id='word_1_168' title='bbox 91 2110 230 2170; x_wconf 78' lang='lat' dir='ltr'>iucundis</span> <span class='ocrx_word' id='word_1_169' title='bbox 261 2115 409 2171; x_wconf 73' lang='lat' dir='ltr'>intestinis</span> <span class='ocrx_word' id='word_1_170' title='bbox 439 2113 569 2186; x_wconf 75' lang='lat' dir='ltr'>alioquin</span> <span class='ocrx_word' id='word_1_171' title='bbox 598 2115 739 2171; x_wconf 79' lang='lat' dir='ltr'>concretis</span> <span class='ocrx_word' id='word_1_172' title='bbox 774 2113 913 2170; x_wconf 82' lang='lat' dir='ltr'>deuoruut</span> <span class='ocrx_word' id='word_1_173' title='bbox 943 2116 1075 2187; x_wconf 73' lang='lat' dir='ltr'>cneoque</span> <span class='ocrx_word' id='word_1_174' title='bbox 1107 2133 1132 2173; x_wconf 86' lang='lat' dir='ltr'>sr</span> 
     </span>
     <span class='ocr_line' id='line_1_20' title="bbox 52 2211 1124 2289; baseline 0.001 -19"><span class='ocrx_word' id='word_1_175' title='bbox 52 2230 54 2235; x_wconf 92' lang='lat'><em>·</em></span> <span class='ocrx_word' id='word_1_176' title='bbox 90 2213 221 2270; x_wconf 83' lang='lat' dir='ltr'>dentium</span> <span class='ocrx_word' id='word_1_177' title='bbox 239 2215 433 2286; x_wconf 83' lang='lat' dir='ltr'>praedomunt</span> <span class='ocrx_word' id='word_1_178' title='bbox 452 2211 620 2280; x_wconf 70' lang='lat' dir='ltr'>esanou2;</span> <span class='ocrx_word' id='word_1_179' title='bbox 651 2211 687 2270; x_wconf 87' lang='lat' dir='ltr'>ei.</span> <span class='ocrx_word' id='word_1_180' title='bbox 710 2213 831 2269; x_wconf 87' lang='lat' dir='ltr'>Roseus</span> <span class='ocrx_word' id='word_1_181' title='bbox 855 2231 885 2287; x_wconf 92' lang='lat' dir='ltr'>p.</span> <span class='ocrx_word' id='word_1_182' title='bbox 911 2216 1039 2289; x_wconf 65' lang='grc' dir='ltr'>λδθυο,</span> <span class='ocrx_word' id='word_1_183' title='bbox 1074 2217 1124 2289; x_wconf 90' lang='lat' dir='ltr'>qui</span> 
     </span>
     <span class='ocr_line' id='line_1_21' title="bbox 92 2311 1126 2388; baseline 0.004 -21"><span class='ocrx_word' id='word_1_184' title='bbox 92 2319 189 2367; x_wconf 90' lang='lat' dir='ltr'>totum</span> <span class='ocrx_word' id='word_1_185' title='bbox 212 2313 309 2369; x_wconf 87' lang='lat' dir='ltr'>locum</span> <span class='ocrx_word' id='word_1_186' title='bbox 330 2312 400 2370; x_wconf 92' lang='lat' dir='ltr'>VIll</span> <span class='ocrx_word' id='word_1_187' title='bbox 419 2311 584 2372; x_wconf 77' lang='lat'>126-129</span> <span class='ocrx_word' id='word_1_188' title='bbox 610 2312 826 2388; x_wconf 85' lang='lat' dir='ltr'>Theophrasto</span> <span class='ocrx_word' id='word_1_189' title='bbox 850 2315 1002 2371; x_wconf 77' lang='lat' dir='ltr'>adscribit.</span> <span class='ocrx_word' id='word_1_190' title='bbox 1046 2313 1126 2371; x_wconf 90' lang='lat' dir='ltr'>hanc</span> 
     </span>
     <span class='ocr_line' id='line_1_22' title="bbox 90 2413 1132 2490; baseline 0.004 -22"><span class='ocrx_word' id='word_1_191' title='bbox 90 2430 163 2486; x_wconf 88' lang='lat' dir='ltr'>rem,</span> <span class='ocrx_word' id='word_1_192' title='bbox 187 2431 246 2487; x_wconf 89' lang='lat' dir='ltr'>qua</span> <span class='ocrx_word' id='word_1_193' title='bbox 270 2431 344 2470; x_wconf 88' lang='lat' dir='ltr'>sane</span> <span class='ocrx_word' id='word_1_194' title='bbox 367 2414 506 2470; x_wconf 83' lang='lat' dir='ltr'>animalis</span> <span class='ocrx_word' id='word_1_195' title='bbox 531 2414 665 2470; x_wconf 83' lang='lat' dir='ltr'>sollertia</span> <span class='ocrx_word' id='word_1_196' title='bbox 687 2414 835 2487; x_wconf 91' lang='lat' dir='ltr'>proditur,</span> <span class='ocrx_word' id='word_1_197' title='bbox 859 2415 980 2487; x_wconf 87' lang='lat' dir='ltr'>repetiit</span> <span class='ocrx_word' id='word_1_198' title='bbox 1003 2413 1030 2470; x_wconf 88' lang='lat' dir='ltr'>T</span> <span class='ocrx_word' id='word_1_199' title='bbox 1033 2414 1132 2490; x_wconf 89' lang='lat' dir='ltr'>heoph</span> 
     </span>
     <span class='ocr_line' id='line_1_23' title="bbox 89 2510 1132 2595; baseline 0.005 -28"><span class='ocrx_word' id='word_1_200' title='bbox 89 2513 121 2568; x_wconf 89' lang='lat' dir='ltr'>in</span> <span class='ocrx_word' id='word_1_201' title='bbox 144 2512 217 2570; x_wconf 91' lang='lat' dir='ltr'>libro</span> <span class='ocrx_word' id='word_1_202' title='bbox 248 2511 319 2588; x_wconf 86' lang='grc' dir='ltr'>περὶ</span> <span class='ocrx_word' id='word_1_203' title='bbox 350 2513 442 2595; x_wconf 82' lang='grc' dir='ltr'>Ζῴων</span> <span class='ocrx_word' id='word_1_204' title='bbox 474 2511 660 2589; x_wconf 75' lang='grc' dir='ltr'>φρονήτεωε</span> <span class='ocrx_word' id='word_1_205' title='bbox 690 2511 740 2573; x_wconf 87' lang='grc' dir='ltr'>καὶ</span> <span class='ocrx_word' id='word_1_206' title='bbox 763 2510 869 2587; x_wconf 67' lang='grc' dir='ltr'>ἤθους,</span> <span class='ocrx_word' id='word_1_207' title='bbox 902 2515 958 2569; x_wconf 85' lang='lat' dir='ltr'>sed</span> <span class='ocrx_word' id='word_1_208' title='bbox 983 2533 1022 2571; x_wconf 85' lang='lat' dir='ltr'>ne</span> <span class='ocrx_word' id='word_1_209' title='bbox 1044 2515 1132 2591; x_wconf 87' lang='lat' dir='ltr'>hicq</span> 
     </span>
     <span class='ocr_line' id='line_1_24' title="bbox 90 2614 1132 2686; baseline 0.006 -18"><span class='ocrx_word' id='word_1_210' title='bbox 90 2614 189 2686; x_wconf 89' lang='lat' dir='ltr'>potuit</span> <span class='ocrx_word' id='word_1_211' title='bbox 212 2617 353 2672; x_wconf 89' lang='lat' dir='ltr'>omittere</span> <span class='ocrx_word' id='word_1_212' title='bbox 374 2634 497 2674; x_wconf 88' lang='lat' dir='ltr'>causam</span> <span class='ocrx_word' id='word_1_213' title='bbox 521 2634 573 2673; x_wconf 89' lang='lat' dir='ltr'>cur</span> <span class='ocrx_word' id='word_1_214' title='bbox 595 2635 680 2673; x_wconf 81' lang='lat' dir='ltr'>arum</span> <span class='ocrx_word' id='word_1_215' title='bbox 702 2616 828 2672; x_wconf 88' lang='lat' dir='ltr'>herbam</span> <span class='ocrx_word' id='word_1_216' title='bbox 851 2617 982 2672; x_wconf 87' lang='lat' dir='ltr'>ederent</span> <span class='ocrx_word' id='word_1_217' title='bbox 1006 2618 1073 2676; x_wconf 90' lang='lat' dir='ltr'>ursi.</span> <span class='ocrx_word' id='word_1_218' title='bbox 1105 2637 1132 2674; x_wconf 73' lang='lat' dir='ltr'>er</span> 
     </span>
     <span class='ocr_line' id='line_1_25' title="bbox 89 2715 1129 2792; baseline 0.006 -23"><span class='ocrx_word' id='word_1_219' title='bbox 89 2715 199 2771; x_wconf 86' lang='lat' dir='ltr'>scilicet</span> <span class='ocrx_word' id='word_1_220' title='bbox 233 2717 377 2773; x_wconf 86' lang='lat' dir='ltr'>iudicavit</span> <span class='ocrx_word' id='word_1_221' title='bbox 411 2727 504 2792; x_wconf 87' lang='lat' dir='ltr'>atque</span> <span class='ocrx_word' id='word_1_222' title='bbox 528 2719 718 2784; x_wconf 85' lang='lat' dir='ltr'>Aristoteles,</span> <span class='ocrx_word' id='word_1_223' title='bbox 754 2726 787 2773; x_wconf 89' lang='lat' dir='ltr'>ut</span> <span class='ocrx_word' id='word_1_224' title='bbox 817 2725 945 2790; x_wconf 86' lang='lat' dir='ltr'>apparet</span> <span class='ocrx_word' id='word_1_225' title='bbox 973 2737 1009 2772; x_wconf 80' lang='lat' dir='ltr'>ex</span> <span class='ocrx_word' id='word_1_226' title='bbox 1033 2717 1129 2775; x_wconf 89' lang='lat' dir='ltr'>Plinio</span> 
     </span>
     <span class='ocr_line' id='line_1_26' title="bbox 89 2817 1124 2894; baseline 0.006 -24"><span class='ocrx_word' id='word_1_227' title='bbox 89 2817 161 2872; x_wconf 88' lang='lat' dir='ltr'>noni</span> <span class='ocrx_word' id='word_1_228' title='bbox 185 2825 288 2874; x_wconf 83' lang='lat' dir='ltr'>autern</span> <span class='ocrx_word' id='word_1_229' title='bbox 312 2819 441 2894; x_wconf 86' lang='lat' dir='ltr'>scriptor</span> <span class='ocrx_word' id='word_1_230' title='bbox 464 2837 532 2876; x_wconf 87' lang='lat' dir='ltr'>eam</span> <span class='ocrx_word' id='word_1_231' title='bbox 547 2819 760 2893; x_wconf 86' lang='lat' dir='ltr'>praetermisit,</span> <span class='ocrx_word' id='word_1_232' title='bbox 784 2819 855 2892; x_wconf 88' lang='lat' dir='ltr'>quia</span> <span class='ocrx_word' id='word_1_233' title='bbox 872 2819 1007 2892; x_wconf 87' lang='lat' dir='ltr'>relegare</span> <span class='ocrx_word' id='word_1_234' title='bbox 1023 2820 1124 2893; x_wconf 86' lang='lat' dir='ltr'>potuit</span> 
     </span>
     <span class='ocr_line' id='line_1_27' title="bbox 89 2916 1132 2996; baseline 0.007 -24"><span class='ocrx_word' id='word_1_235' title='bbox 89 2934 151 2973; x_wconf 87' lang='lat' dir='ltr'>rem</span> <span class='ocrx_word' id='word_1_236' title='bbox 176 2919 216 2974; x_wconf 86' lang='lat' dir='ltr'>ad</span> <span class='ocrx_word' id='word_1_237' title='bbox 239 2918 337 2976; x_wconf 90' lang='lat' dir='ltr'>locum</span> <span class='ocrx_word' id='word_1_238' title='bbox 361 2921 531 2978; x_wconf 81' lang='lat' dir='ltr'>Aristotelis</span> <span class='ocrx_word' id='word_1_239' title='bbox 542 2916 561 2980; x_wconf 74' lang='lat' dir='ltr'>i.</span> <span class='ocrx_word' id='word_1_240' title='bbox 578 2952 618 2960; x_wconf 92' lang='lat'>—</span> <span class='ocrx_word' id='word_1_241' title='bbox 634 2921 720 2996; x_wconf 82' lang='lat' dir='ltr'>plura</span> <span class='ocrx_word' id='word_1_242' title='bbox 745 2937 815 2976; x_wconf 85' lang='lat' dir='ltr'>vcro</span> <span class='ocrx_word' id='word_1_243' title='bbox 839 2938 931 2993; x_wconf 89' lang='lat' dir='ltr'>quam</span> <span class='ocrx_word' id='word_1_244' title='bbox 955 2939 981 2977; x_wconf 83' lang='lat' dir='ltr'>e.</span> <span class='ocrx_word' id='word_1_245' title='bbox 1000 2923 1028 2988; x_wconf 87' lang='grc'>6,</span> <span class='ocrx_word' id='word_1_246' title='bbox 1053 2926 1088 2979; x_wconf 85' lang='grc'>41</span> <span class='ocrx_word' id='word_1_247' title='bbox 1116 2941 1132 2995; x_wconf 87' lang='grc' dir='ltr'>ρ</span> 
     </span>
     <span class='ocr_line' id='line_1_28' title="bbox 91 3019 1131 3095; baseline 0.005 -21"><span class='ocrx_word' id='word_1_248' title='bbox 91 3019 128 3075; x_wconf 77' lang='lat'>32</span> <span class='ocrx_word' id='word_1_249' title='bbox 145 3035 210 3093; x_wconf 87' lang='lat' dir='ltr'>sqq.</span> <span class='ocrx_word' id='word_1_250' title='bbox 234 3020 358 3093; x_wconf 88' lang='lat' dir='ltr'>legimus</span> <span class='ocrx_word' id='word_1_251' title='bbox 382 3023 423 3078; x_wconf 84' lang='lat' dir='ltr'>de</span> <span class='ocrx_word' id='word_1_252' title='bbox 447 3023 521 3078; x_wconf 88' lang='lat' dir='ltr'>ursis</span> <span class='ocrx_word' id='word_1_253' title='bbox 543 3021 775 3095; x_wconf 86' lang='lat' dir='ltr'>Theophrastus</span> <span class='ocrx_word' id='word_1_254' title='bbox 798 3021 938 3080; x_wconf 86' lang='lat' dir='ltr'>narravit.</span> <span class='ocrx_word' id='word_1_255' title='bbox 972 3023 1131 3095; x_wconf 86' lang='lat' dir='ltr'>probabile</span> 
     </span>
     <span class='ocr_line' id='line_1_29' title="bbox 90 3120 1132 3182; baseline 0.007 -8"><span class='ocrx_word' id='word_1_256' title='bbox 90 3120 208 3176; x_wconf 90' lang='lat' dir='ltr'>videtur</span> <span class='ocrx_word' id='word_1_257' title='bbox 237 3123 329 3178; x_wconf 88' lang='lat' dir='ltr'>etiam</span> <span class='ocrx_word' id='word_1_258' title='bbox 360 3142 387 3182; x_wconf 90' lang='lat' dir='ltr'>n.</span> <span class='ocrx_word' id='word_1_259' title='bbox 408 3123 436 3181; x_wconf 93' lang='lat' dir='ltr'>h.</span> <span class='ocrx_word' id='word_1_260' title='bbox 455 3123 525 3180; x_wconf 93' lang='lat' dir='ltr'>VIII</span> <span class='ocrx_word' id='word_1_261' title='bbox 552 3125 706 3182; x_wconf 81' lang='lat'>129-131</span> <span class='ocrx_word' id='word_1_262' title='bbox 745 3121 873 3178; x_wconf 87' lang='lat' dir='ltr'>Plinium</span> <span class='ocrx_word' id='word_1_263' title='bbox 903 3124 949 3179; x_wconf 90' lang='lat' dir='ltr'>vel</span> <span class='ocrx_word' id='word_1_264' title='bbox 981 3125 1045 3179; x_wconf 90' lang='lat' dir='ltr'>eius</span> <span class='ocrx_word' id='word_1_265' title='bbox 1079 3143 1132 3181; x_wconf 80' lang='lat' dir='ltr'>au(</span> 
     </span>
     <span class='ocr_line' id='line_1_30' title="bbox 88 3219 1124 3303; baseline 0.01 -28"><span class='ocrx_word' id='word_1_266' title='bbox 88 3220 169 3278; x_wconf 90' lang='lat' dir='ltr'>illum</span> <span class='ocrx_word' id='word_1_267' title='bbox 192 3231 330 3279; x_wconf 90' lang='lat' dir='ltr'>secutum</span> <span class='ocrx_word' id='word_1_268' title='bbox 346 3241 424 3296; x_wconf 88' lang='lat' dir='ltr'>esse,</span> <span class='ocrx_word' id='word_1_269' title='bbox 448 3232 478 3280; x_wconf 89' lang='lat' dir='ltr'>et</span> <span class='ocrx_word' id='word_1_270' title='bbox 495 3226 535 3280; x_wconf 74' lang='lat' dir='ltr'>acl</span> <span class='ocrx_word' id='word_1_271' title='bbox 553 3225 660 3280; x_wconf 92' lang='lat' dir='ltr'>librum</span> <span class='ocrx_word' id='word_1_272' title='bbox 676 3219 747 3298; x_wconf 82' lang='grc' dir='ltr'>περὶ</span> <span class='ocrx_word' id='word_1_273' title='bbox 762 3222 852 3303; x_wconf 82' lang='grc' dir='ltr'>Ζῴων</span> <span class='ocrx_word' id='word_1_274' title='bbox 868 3222 1055 3298; x_wconf 76' lang='grc' dir='ltr'>φρονήεεω(</span> <span class='ocrx_word' id='word_1_275' title='bbox 1072 3223 1124 3285; x_wconf 88' lang='grc' dir='ltr'>καὶ</span> 
     </span>
     <span class='ocr_line' id='line_1_31' title="bbox 88 3321 1132 3401; baseline 0.01 -25"><span class='ocrx_word' id='word_1_276' title='bbox 88 3321 167 3377; x_wconf 87' lang='lat' dir='ltr'>bene</span> <span class='ocrx_word' id='word_1_277' title='bbox 189 3325 461 3381; x_wconf 88' lang='lat' dir='ltr'>accommodantur</span> <span class='ocrx_word' id='word_1_278' title='bbox 482 3325 572 3383; x_wconf 88' lang='lat' dir='ltr'>haec:</span> <span class='ocrx_word' id='word_1_279' title='bbox 607 3328 682 3386; x_wconf 81' lang='lat' dir='ltr'>oculi</span> <span class='ocrx_word' id='word_1_280' title='bbox 704 3343 802 3384; x_wconf 83' lang='lat' dir='ltr'>eorum</span> <span class='ocrx_word' id='word_1_281' title='bbox 824 3326 1002 3401; x_wconf 76' lang='lat' dir='ltr'>hebetantur,</span> <span class='ocrx_word' id='word_1_282' title='bbox 1026 3346 1084 3399; x_wconf 77' lang='lat' dir='ltr'>que</span> <span class='ocrx_word' id='word_1_283' title='bbox 1112 3348 1132 3386; x_wconf 89' lang='lat' dir='ltr'>n</span> 
     </span>
     <span class='ocr_line' id='line_1_32' title="bbox 87 3424 1132 3503; baseline 0.006 -23"><span class='ocrx_word' id='word_1_284' title='bbox 87 3439 177 3481; x_wconf 77' lang='lat' dir='ltr'>euerso</span> <span class='ocrx_word' id='word_1_285' title='bbox 199 3424 283 3494; x_wconf 78' lang='lat' dir='ltr'>funos</span> <span class='ocrx_word' id='word_1_286' title='bbox 299 3430 445 3503; x_wconf 75' lang='lat' dir='ltr'>repetunt,</span> <span class='ocrx_word' id='word_1_287' title='bbox 470 3431 502 3484; x_wconf 85' lang='lat' dir='ltr'>ut</span> <span class='ocrx_word' id='word_1_288' title='bbox 524 3428 764 3486; x_wconf 80' lang='lat' dir='ltr'>eonorrlnernluni</span> <span class='ocrx_word' id='word_1_289' title='bbox 779 3428 813 3484; x_wconf 83' lang='lat' dir='ltr'>oo</span> <span class='ocrx_word' id='word_1_290' title='bbox 828 3428 936 3498; x_wconf 80' lang='lat' dir='ltr'>apibus</span> <span class='ocrx_word' id='word_1_291' title='bbox 956 3445 987 3484; x_wconf 84' lang='lat' dir='ltr'>os</span> <span class='ocrx_word' id='word_1_292' title='bbox 1004 3429 1075 3485; x_wconf 85' lang='lat' dir='ltr'>leuet</span> <span class='ocrx_word' id='word_1_293' title='bbox 1092 3446 1132 3488; x_wconf 77' lang='lat' dir='ltr'>sur</span> 
     </span>
     <span class='ocr_line' id='line_1_33' title="bbox 85 3525 1132 3601; baseline 0.006 -21"><span class='ocrx_word' id='word_1_294' title='bbox 85 3525 273 3597; x_wconf 69' lang='lat' dir='ltr'>prutredinem</span> <span class='ocrx_word' id='word_1_295' title='bbox 296 3525 385 3584; x_wconf 82' lang='lat' dir='ltr'>illuni.</span> <span class='ocrx_word' id='word_1_296' title='bbox 420 3529 667 3586; x_wconf 79' lang='lat' dir='ltr'>invalidissimum</span> <span class='ocrx_word' id='word_1_297' title='bbox 688 3546 758 3586; x_wconf 86' lang='lat' dir='ltr'>urso</span> <span class='ocrx_word' id='word_1_298' title='bbox 781 3532 878 3600; x_wconf 63' lang='lat' dir='ltr'>culini,</span> <span class='ocrx_word' id='word_1_299' title='bbox 905 3531 981 3601; x_wconf 76' lang='lat' dir='ltr'>quod</span> <span class='ocrx_word' id='word_1_300' title='bbox 1004 3529 1078 3586; x_wconf 83' lang='lat' dir='ltr'>leoni</span> <span class='ocrx_word' id='word_1_301' title='bbox 1100 3531 1132 3599; x_wconf 73' lang='lat' dir='ltr'>tii</span> 
     </span>
    </p>
   </div>
   <div class='ocr_carea' id='block_1_3' title="bbox 87 3721 1132 4413">
    <p class='ocr_par' dir='ltr' id='par_1_3' title="bbox 87 3721 1132 3880">
     <span class='ocr_line' id='line_1_34' title="bbox 87 3721 1132 3792; baseline 0.004 -17"><span class='ocrx_word' id='word_1_302' title='bbox 87 3721 119 3776; x_wconf 83' lang='lat' dir='ltr'>de</span> <span class='ocrx_word' id='word_1_303' title='bbox 143 3723 272 3792; x_wconf 71' lang='lat' dir='ltr'>Theophr.</span> <span class='ocrx_word' id='word_1_304' title='bbox 294 3725 370 3777; x_wconf 76' lang='lat' dir='ltr'>libris</span> <span class='ocrx_word' id='word_1_305' title='bbox 390 3729 452 3792; x_wconf 87' lang='grc' dir='ltr'>περὶ</span> <span class='ocrx_word' id='word_1_306' title='bbox 471 3728 563 3791; x_wconf 83' lang='grc' dir='ltr'>φιλία(</span> <span class='ocrx_word' id='word_1_307' title='bbox 581 3731 688 3778; x_wconf 87' lang='lat' dir='ltr'>Bonnae</span> <span class='ocrx_word' id='word_1_308' title='bbox 711 3729 777 3780; x_wconf 73' lang='lat' dir='ltr'>iiiiii</span> <span class='ocrx_word' id='word_1_309' title='bbox 797 3745 821 3792; x_wconf 92' lang='lat' dir='ltr'>p.</span> <span class='ocrx_word' id='word_1_310' title='bbox 841 3730 864 3780; x_wconf 79' lang='lat' dir='ltr'>i.</span> <span class='ocrx_word' id='word_1_311' title='bbox 885 3745 963 3778; x_wconf 88' lang='lat' dir='ltr'>unum</span> <span class='ocrx_word' id='word_1_312' title='bbox 984 3730 1052 3777; x_wconf 91' lang='lat' dir='ltr'>addo</span> <span class='ocrx_word' id='word_1_313' title='bbox 1073 3745 1132 3779; x_wconf 81' lang='lat' dir='ltr'>exer</span> 
     </span>
     <span class='ocr_line' id='line_1_35' title="bbox 88 3812 1129 3880; baseline 0.007 -19"><span class='ocrx_word' id='word_1_314' title='bbox 88 3812 121 3862; x_wconf 84' lang='lat' dir='ltr'>cl.</span> <span class='ocrx_word' id='word_1_315' title='bbox 141 3812 274 3878; x_wconf 91' lang='lat' dir='ltr'>Theophr.</span> <span class='ocrx_word' id='word_1_316' title='bbox 294 3815 323 3862; x_wconf 87' lang='lat' dir='ltr'>sr.</span> <span class='ocrx_word' id='word_1_317' title='bbox 344 3816 410 3863; x_wconf 89' lang='lat' dir='ltr'>VIII</span> <span class='ocrx_word' id='word_1_318' title='bbox 428 3815 501 3866; x_wconf 87' lang='lat' dir='ltr'><strong>8W.</strong></span> <span class='ocrx_word' id='word_1_319' title='bbox 522 3832 579 3865; x_wconf 87' lang='lat' dir='ltr'>cum</span> <span class='ocrx_word' id='word_1_320' title='bbox 598 3818 709 3867; x_wconf 83' lang='lat' dir='ltr'>Aristot.</span> <span class='ocrx_word' id='word_1_321' title='bbox 729 3818 762 3865; x_wconf 87' lang='lat' dir='ltr'>de</span> <span class='ocrx_word' id='word_1_322' title='bbox 782 3817 855 3864; x_wconf 83' lang='lat' dir='ltr'>caelo</span> <span class='ocrx_word' id='word_1_323' title='bbox 875 3818 902 3864; x_wconf 91' lang='lat' dir='ltr'>II</span> <span class='ocrx_word' id='word_1_324' title='bbox 922 3817 937 3865; x_wconf 81' lang='lat' dir='ltr'>s</span> <span class='ocrx_word' id='word_1_325' title='bbox 957 3834 981 3880; x_wconf 92' lang='lat' dir='ltr'>p.</span> <span class='ocrx_word' id='word_1_326' title='bbox 1003 3816 1073 3867; x_wconf 66' lang='lat' dir='ltr'>iuba</span> <span class='ocrx_word' id='word_1_327' title='bbox 1096 3817 1129 3868; x_wconf 81' lang='lat'>17</span> 
     </span>
    </p>

    <p class='ocr_par' dir='ltr' id='par_1_4' title="bbox 188 3896 695 3970">
     <span class='ocr_line' id='line_1_36' title="bbox 188 3896 695 3970; baseline 0.014 -21"><span class='ocrx_word' id='word_1_328' title='bbox 188 3896 199 3934; x_wconf 80' lang='grc' dir='ltr'><strong>Ῑ</strong></span> <span class='ocrx_word' id='word_1_329' title='bbox 218 3909 246 3950; x_wconf 90' lang='lat' dir='ltr'>ut</span> <span class='ocrx_word' id='word_1_330' title='bbox 263 3902 350 3950; x_wconf 91' lang='lat' dir='ltr'>voluit</span> <span class='ocrx_word' id='word_1_331' title='bbox 369 3903 516 3968; x_wconf 88' lang='lat' dir='ltr'>Dittmeyer</span> <span class='ocrx_word' id='word_1_332' title='bbox 534 3905 550 3953; x_wconf 96' lang='lat' dir='ltr'>l.</span> <span class='ocrx_word' id='word_1_333' title='bbox 570 3905 587 3956; x_wconf 89' lang='lat' dir='ltr'>l.</span> <span class='ocrx_word' id='word_1_334' title='bbox 608 3923 633 3970; x_wconf 94' lang='lat' dir='ltr'><strong>p.</strong></span> <span class='ocrx_word' id='word_1_335' title='bbox 654 3906 695 3956; x_wconf 67' lang='lat' dir='ltr'>iri.</span> 
     </span>
    </p>

    <p class='ocr_par' dir='ltr' id='par_1_5' title="bbox 187 3985 1003 4059">
     <span class='ocr_line' id='line_1_37' title="bbox 187 3985 1003 4059; baseline 0.009 -23"><span class='ocrx_word' id='word_1_336' title='bbox 187 3985 199 4021; x_wconf 76' lang='lat'><strong>2</strong></span> <span class='ocrx_word' id='word_1_337' title='bbox 219 4005 249 4037; x_wconf 84' lang='lat' dir='ltr'>ex</span> <span class='ocrx_word' id='word_1_338' title='bbox 268 3989 415 4039; x_wconf 85' lang='lat' dir='ltr'>coniectura</span> <span class='ocrx_word' id='word_1_339' title='bbox 434 3993 555 4043; x_wconf 87' lang='lat' dir='ltr'>Vseneri:</span> <span class='ocrx_word' id='word_1_340' title='bbox 576 3995 653 4044; x_wconf 89' lang='lat' dir='ltr'>codd.</span> <span class='ocrx_word' id='word_1_341' title='bbox 671 3991 882 4059; x_wconf 77' lang='lat' dir='ltr'>pruedurnnntes</span> <span class='ocrx_word' id='word_1_342' title='bbox 902 3991 1003 4043; x_wconf 71' lang='lat' dir='ltr'>nor-au.</span> 
     </span>
    </p>

    <p class='ocr_par' dir='ltr' id='par_1_6' title="bbox 88 4074 1132 4413">
     <span class='ocr_line' id='line_1_38' title="bbox 187 4074 1132 4146; baseline 0.004 -20"><span class='ocrx_word' id='word_1_343' title='bbox 187 4074 198 4110; x_wconf 78' lang='lat'><strong>3</strong></span> <span class='ocrx_word' id='word_1_344' title='bbox 217 4079 239 4126; x_wconf 90' lang='lat' dir='ltr'>si</span> <span class='ocrx_word' id='word_1_345' title='bbox 259 4080 350 4128; x_wconf 89' lang='lat' dir='ltr'>eadem</span> <span class='ocrx_word' id='word_1_346' title='bbox 369 4081 444 4130; x_wconf 86' lang='lat' dir='ltr'>refert</span> <span class='ocrx_word' id='word_1_347' title='bbox 463 4098 528 4146; x_wconf 85' lang='lat' dir='ltr'>quae</span> <span class='ocrx_word' id='word_1_348' title='bbox 547 4091 623 4131; x_wconf 83' lang='lat' dir='ltr'>antea</span> <span class='ocrx_word' id='word_1_349' title='bbox 642 4084 691 4130; x_wconf 82' lang='lat' dir='ltr'>ianr</span> <span class='ocrx_word' id='word_1_350' title='bbox 712 4088 911 4131; x_wconf 80' lang='lat' dir='ltr'>commemorata</span> <span class='ocrx_word' id='word_1_351' title='bbox 931 4084 1030 4130; x_wconf 86' lang='lat' dir='ltr'>suntin</span> <span class='ocrx_word' id='word_1_352' title='bbox 1045 4083 1132 4132; x_wconf 71' lang='lat' dir='ltr'>Arist(</span> 
     </span>
     <span class='ocr_line' id='line_1_39' title="bbox 88 4165 1132 4237; baseline 0.011 -23"><span class='ocrx_word' id='word_1_353' title='bbox 88 4166 167 4215; x_wconf 71' lang='lat' dir='ltr'>modo</span> <span class='ocrx_word' id='word_1_354' title='bbox 186 4165 237 4215; x_wconf 89' lang='lat' dir='ltr'>hoc</span> <span class='ocrx_word' id='word_1_355' title='bbox 258 4167 383 4231; x_wconf 86' lang='lat' dir='ltr'>significat</span> <span class='ocrx_word' id='word_1_356' title='bbox 402 4169 519 4234; x_wconf 89' lang='lat' dir='ltr'>scriptor,</span> <span class='ocrx_word' id='word_1_357' title='bbox 539 4179 575 4221; x_wconf 89' lang='lat' dir='ltr'>ut.</span> <span class='ocrx_word' id='word_1_358' title='bbox 596 4186 616 4222; x_wconf 87' lang='lat' dir='ltr'>c.</span> <span class='ocrx_word' id='word_1_359' title='bbox 637 4173 660 4230; x_wconf 78' lang='lat' dir='ltr'>tt,</span> <span class='ocrx_word' id='word_1_360' title='bbox 683 4170 717 4222; x_wconf 75' lang='lat'>50</span> <span class='ocrx_word' id='word_1_361' title='bbox 736 4188 760 4235; x_wconf 87' lang='lat' dir='ltr'><strong>p.</strong></span> <span class='ocrx_word' id='word_1_362' title='bbox 781 4167 852 4222; x_wconf 67' lang='grc'>6191)</span> <span class='ocrx_word' id='word_1_363' title='bbox 874 4169 920 4237; x_wconf 69' lang='lat'>153</span> <span class='ocrx_word' id='word_1_364' title='bbox 949 4172 990 4230; x_wconf 67' lang='lat' dir='ltr'>iu,</span> <span class='ocrx_word' id='word_1_365' title='bbox 1013 4172 1063 4224; x_wconf 79' lang='grc' dir='ltr'>1οῦ</span> <span class='ocrx_word' id='word_1_366' title='bbox 1083 4190 1107 4237; x_wconf 90' lang='lat' dir='ltr'><strong>p.</strong></span> <span class='ocrx_word' id='word_1_367' title='bbox 1128 4179 1132 4219; x_wconf 80' lang='lat' dir='ltr'>l</span> 
     </span>
     <span class='ocr_line' id='line_1_40' title="bbox 89 4251 1115 4325; baseline 0.002 -19"><span class='ocrx_word' id='word_1_368' title='bbox 89 4251 194 4320; x_wconf 72' lang='grc' dir='ltr'>(ὥοπερ</span> <span class='ocrx_word' id='word_1_369' title='bbox 213 4253 319 4320; x_wconf 84' lang='grc' dir='ltr'>εἴρηται</span> <span class='ocrx_word' id='word_1_370' title='bbox 340 4255 370 4307; x_wconf 84' lang='grc' dir='ltr'>ἐν</span> <span class='ocrx_word' id='word_1_371' title='bbox 390 4256 519 4325; x_wconf 71' lang='grc' dir='ltr'>ἑτέροις),</span> <span class='ocrx_word' id='word_1_372' title='bbox 538 4256 580 4322; x_wconf 83' lang='grc'>40,</span> <span class='ocrx_word' id='word_1_373' title='bbox 602 4258 652 4310; x_wconf 76' lang='lat' dir='ltr'>iio</span> <span class='ocrx_word' id='word_1_374' title='bbox 672 4276 696 4323; x_wconf 92' lang='lat' dir='ltr'><strong>p.</strong></span> <span class='ocrx_word' id='word_1_375' title='bbox 717 4257 789 4309; x_wconf 62' lang='lat' dir='ltr'>lietb</span> <span class='ocrx_word' id='word_1_376' title='bbox 811 4257 857 4323; x_wconf 68' lang='lat'>913</span> <span class='ocrx_word' id='word_1_377' title='bbox 879 4266 937 4317; x_wconf 77' lang='lat' dir='ltr'>etc,</span> <span class='ocrx_word' id='word_1_378' title='bbox 962 4260 1042 4309; x_wconf 88' lang='lat' dir='ltr'>modo</span> <span class='ocrx_word' id='word_1_379' title='bbox 1062 4277 1115 4308; x_wconf 89' lang='lat' dir='ltr'>non</span> 
     </span>
     <span class='ocr_line' id='line_1_41' title="bbox 89 4342 974 4413; baseline 0.008 -22"><span class='ocrx_word' id='word_1_380' title='bbox 89 4351 138 4410; x_wconf 84' lang='lat' dir='ltr'>cat,</span> <span class='ocrx_word' id='word_1_381' title='bbox 158 4351 186 4393; x_wconf 92' lang='lat' dir='ltr'>nt</span> <span class='ocrx_word' id='word_1_382' title='bbox 204 4359 225 4396; x_wconf 88' lang='lat' dir='ltr'>c.</span> <span class='ocrx_word' id='word_1_383' title='bbox 245 4342 288 4410; x_wconf 77' lang='lat'>34,</span> <span class='ocrx_word' id='word_1_384' title='bbox 312 4344 360 4397; x_wconf 74' lang='lat'>123</span> <span class='ocrx_word' id='word_1_385' title='bbox 380 4361 405 4410; x_wconf 89' lang='lat' dir='ltr'><strong>p.</strong></span> <span class='ocrx_word' id='word_1_386' title='bbox 425 4344 496 4398; x_wconf 71' lang='lat' dir='ltr'>orob</span> <span class='ocrx_word' id='word_1_387' title='bbox 517 4345 564 4412; x_wconf 67' lang='lat'>243</span> <span class='ocrx_word' id='word_1_388' title='bbox 587 4346 629 4409; x_wconf 75' lang='lat' dir='ltr'>tii,</span> <span class='ocrx_word' id='word_1_389' title='bbox 652 4346 701 4398; x_wconf 76' lang='lat' dir='ltr'>iio</span> <span class='ocrx_word' id='word_1_390' title='bbox 720 4364 744 4412; x_wconf 87' lang='grc' dir='ltr'>ρ.</span> <span class='ocrx_word' id='word_1_391' title='bbox 767 4346 837 4397; x_wconf 72' lang='lat'><strong>(521³</strong></span> <span class='ocrx_word' id='word_1_392' title='bbox 857 4345 904 4413; x_wconf 67' lang='lat'>903</span> <span class='ocrx_word' id='word_1_393' title='bbox 925 4354 974 4398; x_wconf 87' lang='lat' dir='ltr'>etc.</span> 
     </span>
    </p>
   </div>
   <div class='ocr_carea' id='block_1_4' title="bbox 0 0 1332 4726">
    <p class='ocr_par' dir='ltr' id='par_1_7' title="bbox 0 0 1332 4726">
     <span class='ocr_line' id='line_1_42' title="bbox 0 0 1332 4726; baseline 0 0"><span class='ocrx_word' id='word_1_394' title='bbox 0 0 1332 4726; x_wconf 95' lang='lat' dir='ltr'> </span> 
     </span>
    </p>
   </div>
  </div>
 </body>
</html>
