2678 4732
627 244 661 302 39

58 424 95 485 in
119 447 204 485 nono
226 425 301 486 libro
324 425 493 484 adhibitum
521 426 594 482 inde
617 426 760 493 conicias
784 427 868 499 quod
888 426 937 482 ille
953 425 1110 502 distinguit
1129 424 1215 485 albos

60 529 157 586 flores
191 536 221 584 et
255 528 367 600 nigros
401 528 475 583 noni
510 527 574 583 libri
601 527 729 601 scriptor
756 527 843 583 albos
874 535 906 583 et
932 526 1039 584 rubros
1050 526 1068 583 ¹.
1112 527 1215 585 Theo·

61 630 208 705 phrastus
233 637 316 686 certe
340 629 448 685 iisdem
472 646 592 702 semper
614 646 686 685 usus
704 637 783 685 esset
809 629 1089 702 significationibus
1135 630 1216 703 quis-

64 733 134 807 quis
157 740 259 788 autem
286 740 332 788 est
355 730 440 787 huius
463 731 522 787 loci
543 739 649 786 auctor
667 730 739 786 vixit
759 739 829 805 post
844 731 1052 790 Aristotelem:
1075 749 1146 788 nam
1168 731 1216 787 hic

63 832 157 909 plane
181 833 301 907 ignorat
325 833 365 888 de
388 832 439 888 illa
461 832 491 887 in
514 831 616 906 primis
639 831 744 905 planta
765 831 824 888 mel
846 831 989 904 colligere
1012 830 1115 905 apes2.

166 933 357 1007 Itaqueiam
380 933 518 989 videmus
544 941 642 988 toturn
674 940 767 1007 caput
790 934 830 990 40
853 950 915 988 non
938 949 1006 988 esse
1036 938 1214 1006 excerptum

62 1054 104 1091 err
128 1033 355 1108 Theophrasto,
400 1035 504 1090 obstat
531 1035 623 1090 etiam
649 1033 712 1089 eius
740 1041 851 1090 natura
879 1041 973 1106 atque
1001 1035 1129 1093 indoles.
1174 1053 1214 1091 an
1309 1032 1313 1037 ’

62 1135 212 1193 credibile
235 1144 281 1190 est
304 1134 441 1190 Erosium
464 1135 493 1189 in
518 1135 591 1190 libro
614 1129 687 1207 περὶ
709 1131 802 1212 Ζῴων
831 1129 1020 1207 φρονήίεω(
1042 1130 1094 1194 καὶ
1112 1116 1214 1207 ’ἤθους

62 1246 130 1294 tarn
153 1234 286 1309 confuse,
323 1243 385 1291 tam
407 1253 470 1290 non
492 1235 627 1289 dilucide
656 1235 695 1288 cle
725 1233 834 1307 apibus
862 1234 1053 1312 disseruisse,
1085 1244 1119 1292 ut
1148 1255 1215 1293 sae·

63 1338 191 1413 pissime
215 1337 310 1393 lector
333 1353 455 1410 prorsus
478 1336 672 1392 obliviscatur
692 1335 857 1410 praecipue
881 1337 920 1392 de
945 1337 1078 1394 sollertia
1094 1346 1125 1394 et
1147 1355 1215 1401 mo-

62 1440 148 1497 ribus
170 1456 274 1496 earum
298 1455 367 1493 eum
390 1438 520 1495 voluisse
551 1433 654 1510 loqui?
698 1438 789 1493 immo
815 1437 1003 1512 excerptoris
1034 1438 1122 1512 culpa
1154 1438 1214 1496 hoc

65 1540 180 1599 accidit
214 1539 264 1614 qui
299 1539 395 1595 frusta
430 1557 466 1596 ex
495 1539 621 1594 diversis
654 1539 832 1596 auctoribus
860 1539 957 1613 petita
987 1532 1214 1612 conglutinavit.

65 1642 152 1717 quod
175 1643 234 1697 iam
258 1659 276 1696 a
293 1640 483 1714 Dittmeyero
506 1641 525 1700 l.
549 1641 566 1697 l.
589 1659 619 1714 p.
645 1642 684 1698 22
708 1649 739 1696 et
763 1642 822 1698 146
846 1649 1039 1715 perspectum
1060 1648 1092 1695 et
1114 1649 1162 1696 est
1183 1641 1214 1698 in

64 1751 184 1819 aperte.

167 1845 229 1902 Sed
263 1852 295 1901 ut
329 1846 498 1902 accuratius
530 1853 730 1918 cognoscatur
763 1843 851 1901 huius
889 1843 997 1918 capitis
1020 1843 1212 1918 compositio,

64 1947 169 2005 subtili
203 1963 280 2020 opus
310 1963 378 2003 esse
410 1947 580 2019 argumenti
614 1955 645 2002 et
672 1946 786 2003 ordinis
822 1946 1073 2019 interpretatione
1096 1945 1215 2004 Vsener

63 2066 115 2106 me
139 2047 245 2104 docuit
267 2064 369 2121 neque
393 2065 456 2103 non
478 2057 624 2121 quantum
654 2049 695 2103 ad
728 2047 789 2103 hoc
819 2047 977 2120 negotium
1007 2063 1045 2101 err
1073 2064 1214 2104 sermone

63 2151 171 2207 liceret
192 2156 298 2223 petere
322 2149 472 2208 auxilium.
508 2158 601 2223 atque
629 2149 757 2223 primum
791 2156 907 2204 certum
937 2156 985 2204 est
1008 2147 1214 2220 Theophrasti

63 2250 305 2325 disputationem
327 2251 460 2323 incipere
494 2244 593 2324 §165
617 2268 645 2324 p.
672 2243 750 2308 623³>
776 2251 821 2307 13.
863 2248 978 2323 primae
1012 2248 1093 2304 enirn
1125 2248 1214 2304 huius

63 2351 126 2408 loci
159 2351 332 2407 sententiae
363 2360 519 2426 nequeunt
549 2351 683 2425 intellegi
722 2352 779 2409 nisi
822 2359 887 2408 arte
927 2350 1110 2408 coniunctae
1146 2367 1213 2406 cum

62 2452 322 2510 antecedentibus
357 2453 518 2526 capitibus,
552 2469 632 2526 quae
666 2453 881 2526 Theophrasto
920 2453 1079 2520 debentur,
1113 2468 1214 2525 neque

61 2553 126 2610 ullo
150 2553 269 2609 vinculo
292 2553 457 2610 cohaerent
479 2572 547 2610 cum
569 2554 654 2610 initio
679 2573 703 2612 c.
727 2557 776 2614 40.
811 2554 871 2610 hoc
892 2553 1039 2627 igiturex
1062 2551 1122 2608 alio
1143 2569 1213 2608 auc·

62 2663 134 2710 tore
156 2662 310 2728 sumptum
332 2650 405 2712 est3.
446 2663 476 2712 et
499 2673 531 2710 re
555 2672 625 2710 vera
649 2655 882 2729 Theophrastea
905 2671 973 2709 esse
990 2671 1069 2726 quae
1084 2653 1212 2727 legimus

61 2757 138 2813 inde
163 2775 180 2813 a
203 2775 231 2830 p.
255 2749 331 2814 623b
357 2758 395 2814 13
424 2756 526 2813 statim
556 2736 752 2813 confirmatur
780 2751 917 2828 verbis§
945 2756 1004 2814 165
1027 2774 1055 2830 p.
1080 2748 1156 2814 623¹³
1173 2755 1212 2814 20

63 2852 260 2929 θυμιώμενοι
283 2852 343 2930 γὰρ
369 2851 569 2931 καὶέφόομα
603 2855 759 2915 πονοῦεοι
791 2851 855 2915 ὑπὸ
890 2854 948 2914 τοῦ
982 2857 1105 2917 καπνοῦ
1139 2852 1213 2917 τότε

62 2952 197 3032 μάλιετα
219 2954 256 3016 τὸ
280 2954 352 3031 μέλι
375 2953 538 3017 ἐεθίουειν.
572 2976 644 3015 nam
657 2975 782 3014 causam
797 2975 850 3014 cur
864 2956 947 3014 fumo
969 2958 1124 3031 patiantur
1139 2976 1213 3033 apes

63 3059 98 3115 in
121 3059 294 3115 universum
318 3060 433 3116 dictam
456 3055 472 3132 ξ
497 3060 551 3118 191
575 3077 602 3133 p.
626 3061 705 3116 626ἱὶ
722 3061 760 3118 26
787 3054 1025 3133 δυεχεραίνουα
1044 3055 1083 3137 δ’,
1107 3055 1213 3134 ὥοπερ

62 3153 196 3233 εἴρηται,
231 3158 300 3219 ταῖς
324 3156 495 3220 δυεώδεειν
516 3155 625 3234 degui<
654 3158 706 3220 rui
729 3160 798 3220 mic
826 3162 890 3221 τῶν
914 3156 1022 3234 μύρων
1056 3161 1120 3221 κτλ.
1158 3163 1214 3218 ad·

62 3261 237 3336 scripsimus
273 3259 498 3335 Theophrasto
543 3279 603 3335 quo
649 3262 770 3319 accedit
812 3263 897 3337 quod
932 3262 997 3336 ipse
1034 3263 1214 3337 compilator

61 3362 164 3419 verbis
187 3357 293 3436 ὥςπερ
317 3356 439 3436 εἴρηται
462 3379 518 3418 nos
543 3363 659 3437 relegat
677 3364 718 3420 ad
738 3363 870 3437 priorem
884 3363 966 3419 illum
982 3364 1092 3422 locum.
1126 3365 1213 3421 deni·

62 3481 125 3539 que
149 3463 252 3518 omnia
274 3481 354 3537 quae
378 3474 548 3537 sequuntur
569 3481 666 3538 usque
701 3465 740 3522 ad
763 3460 779 3538 ξ
803 3467 862 3524 169
885 3484 915 3539 p.
940 3466 1017 3523 624ἂι
1037 3468 1075 3524 18
1098 3467 1213 3540 optime

63 3563 250 3620 conveniunt
283 3582 351 3620 cum
384 3574 565 3637 argumento
598 3566 663 3621 libri
700 3562 772 3639 περὶ
809 3563 899 3645 ζῴων
936 3563 1124 3641 φρονήεεω(
1161 3563 1213 3627 καὶ

63 3660 181 3738 ἤθουετ
204 3673 275 3740 post
287 3665 369 3721 illurn
385 3666 545 3722 transitum
560 3684 590 3740 p.
608 3660 821 3725 6231’13—18
846 3666 929 3722 brevi
944 3668 1114 3741 exponitur,
1138 3669 1212 3742 quid

63 3782 139 3839 apes
163 3765 302 3822 laborent
325 3773 418 3840 atque
443 3767 581 3824 condant
608 3776 640 3824 et
669 3786 729 3844 qua
759 3786 790 3823 re
818 3767 850 3823 id
883 3767 1013 3842 faciant;
1047 3777 1110 3824 tum
1139 3769 1212 3825 inde

166 3943 278 3996 1tamen
298 3956 409 4013 possunt
426 3947 543 4016 intellegi
568 3949 651 3999 iidem
670 3949 762 4002 flores:
788 3951 954 4000 nominantur
978 3951 1011 3999 ab
1036 3951 1119 4000 altero
1144 3951 1212 4014 nigri

64 4034 97 4083 ab
119 4034 200 4083 altero
221 4036 299 4094 rubri,
319 4035 381 4099 quia
400 4043 462 4086 sunt
482 4038 614 4103 purpurei.

170 4117 182 4155 2
200 4122 226 4173 h.
238 4140 259 4175 a.
272 4124 297 4172 V
308 4121 351 4187 22,
365 4123 416 4176 118
427 4141 452 4189 p.
463 4122 529 4176 554ίι
545 4124 578 4177 10
597 4126 665 4175 salso
684 4128 792 4176 mutavit
808 4126 938 4177 Pikkolus
957 4126 1013 4179 ἀπὸ
1032 4132 1084 4180 τοῦ
1108 4128 1211 4193 θύμουε

63 4209 176 4258 traditur
195 4215 293 4274 χυμοῦ.

165 4293 176 4329 ³
194 4298 228 4346 de
247 4294 260 4366 ξ
282 4297 334 4350 164
352 4316 378 4365 p.
397 4298 496 4352 6231>ss
513 4316 571 4366 sqq.
588 4302 664 4351 unice
681 4319 769 4353 verum
788 4303 908 4354 dixerunt
926 4305 1062 4355 Aubertus
1083 4313 1108 4356 et
1127 4307 1210 4357 Wim-

62 4401 118 4436 mer
136 4385 189 4437 vol.
208 4387 236 4435 11
254 4403 279 4452 p.
300 4385 351 4439 281
372 4403 410 4454 sq.
1055 4400 1059 4411 ’
