2678 4732
695 229 729 283 36

141 409 213 464 dum
236 408 346 465 Athen.
370 406 428 464 Vll
451 428 479 482 p.
504 409 584 466 314ο
605 407 634 463 in
670 405 744 462 libro
772 402 844 480 περὶ
875 401 1017 464 δακέτων
1044 401 1095 464 καί
1128 405 1289 482 βλητικῶν

141 512 217 568 dixit
242 506 598 584 διαπέμπεεθαι...τὴν
620 506 742 584 νάρκην
762 504 819 580 τὴν
844 501 899 582 ἀφ’
936 503 1033 580 αὑτῆς
1066 503 1201 582 δύναμιν
1237 504 1290 567 καὶ

139 609 192 671 διὰ
214 613 279 671 τῶν
302 607 406 673 ξύλων
430 607 481 668 καὶ
511 607 562 670 διὰ
586 609 649 669 τῶν
672 604 866 683 τριοδόντων
888 607 1044 668 ποιούεαν
1065 609 1188 683 ναρκᾶν
1211 607 1289 669 τοὺ(

139 710 174 774 ἐν
195 712 302 788 χεροῖν
329 708 462 787 ἔχοντα(
484 706 535 786 (cf.
559 712 675 769 Roseus
698 729 727 784 p.
753 705 842 786 347);
878 728 938 784 quo
963 728 1028 767 eum
1053 711 1121 768 loco
1146 710 1184 768 cf.
1210 728 1288 785 quo-

138 833 198 891 que
220 815 248 872 h.
272 832 299 872 a.
325 813 369 869 lX
391 815 439 888 37,
467 815 522 871 134
546 833 573 887 p.
598 806 673 871 620b
698 807 778 884 2θὴ
808 809 843 870 δὲ
867 807 967 886 νάρκη
992 807 1118 886 φανερά
1148 807 1212 871 έετι
1236 808 1289 871 καὶ

137 914 211 976 τοὺ(
235 910 423 989 ἀνθρώπου(
448 911 584 974 ποιούεα
606 913 736 988 ναρκᾶν.
774 915 833 969 iam
856 914 896 968 ‹le
919 913 1031 988 polypo
1054 913 1163 987 legitur
1186 910 1202 986 β
1228 916 1285 971 149

136 1037 164 1092 ρ.
189 1019 299 1076 622“8
333 1012 384 1075 καί
406 1012 531 1090 θηρεύει
553 1013 627 1074 τοὺ(
656 1010 813 1089 ἰχθθετό
843 1015 954 1088 χρῶμα
993 1009 1202 1088 μεταβάλλων
1235 1011 1287 1087 καὶ

137 1118 239 1178 ποιῶν
261 1114 384 1192 όμοιον,
413 1111 459 1177 οῑε
482 1111 521 1176 ἄν
543 1110 695 1192 πληειάζη
720 1111 825 1174 λίθοιε.
857 1111 894 1173 τὸ
918 1111 953 1174 δὲ
976 1111 1056 1174 αὐτό
1078 1115 1176 1175 τούτο
1200 1114 1286 1177 ποιεῖ

136 1216 187 1279 καὶ
220 1213 382 1295 φοβηθείς.
419 1218 497 1274 hanc
525 1219 627 1293 polypi
656 1218 855 1274 mutationem
885 1226 1070 1291 exposuerat
1102 1216 1284 1293 Theophra·

135 1331 199 1378 stus
221 1322 252 1377 in
275 1321 348 1378 libro
371 1316 443 1394 περὶ
465 1319 528 1380 τῶν
563 1314 829 1394 μεταβαλλόντων
862 1314 920 1377 τὰ(
954 1313 1052 1392 χρόα(
1085 1312 1136 1394 (cl.
1161 1318 1283 1377 Roseus

134 1442 164 1497 p.
189 1425 248 1481 362
265 1417 356 1499 τηεμ).
385 1421 426 1478 ibi
448 1432 481 1477 ut
504 1423 624 1478 videtur
650 1422 680 1477 in
703 1420 806 1495 primis
829 1420 932 1494 posuit
954 1419 1133 1476 mutationis
1157 1437 1284 1483 causam

134 1540 202 1580 esse
224 1531 349 1595 metum,
372 1522 420 1579 hic
444 1523 596 1597 idipsum
619 1523 723 1596 prodit
745 1522 853 1578 librum
876 1517 949 1594 περὶ
971 1519 1063 1600 ζῴων
1086 1519 1280 1596 φρονήεεωε

133 1620 185 1683 καὶ
209 1620 318 1697 ἤθουε,
344 1625 428 1698 quod
450 1625 581 1698 priorem
607 1624 706 1680 locum
729 1632 813 1679 tenet
838 1622 976 1679 animalis
999 1622 1135 1680 sollertia
1156 1643 1196 1680 ex
1220 1641 1281 1698 qua

132 1725 224 1782 utitur
246 1725 415 1782 mutatione
438 1728 479 1782 ad
502 1727 648 1799 praedam
672 1725 864 1791 faciendam
903 1741 1089 1799 quamquam
1104 1742 1143 1781 ne
1158 1724 1200 1782 ibi
1213 1726 1282 1801 qui·

133 1827 205 1883 dem
226 1843 348 1900 prorsus
371 1827 514 1883 omissam
537 1845 604 1893 esse
629 1826 718 1882 huius
742 1825 893 1882 sollertiae
924 1827 1111 1882 mentionem
1141 1827 1283 1884 ostendit

133 1927 283 1986 Plutarch.
305 1928 344 1983 de
370 1927 434 1986 soll.
458 1927 547 1986 anim.
571 1947 596 1985 c.
621 1929 660 1985 27
683 1945 713 2000 p.
738 1919 811 1986 9le
837 1921 1027 2001 μεταβάλλει
1052 1922 1114 2000 γὰρ
1146 1923 1183 1986 ἐκ
1202 1944 1281 2003 προ-

36 2094 39 2100 ,
131 2024 218 2087 νοία(
242 2028 365 2106 μηχανῇ
386 2023 552 2102 χρώμενοί
579 2027 636 2087 τού
664 2025 833 2089 λανθάνειν
860 2023 880 2086 ἃ
909 2024 994 2087 δέδιε
1022 2024 1074 2086 καὶ
1102 2023 1278 2103 λαμβάνειν

130 2122 178 2189 οἷ(
199 2125 352 2204 τρέφεται
375 2122 427 2205 (ef.
438 2128 558 2185 Roseus
578 2147 608 2203 p.
622 2131 689 2198 365,
703 2122 746 2207 5).
780 2138 936 2204 postremo
952 2127 1097 2203 polypum
1113 2131 1144 2186 in
1161 2130 1279 2188 siccum

131 2230 222 2304 exire,
256 2231 340 2304 quod
368 2231 495 2286 traditur
517 2227 533 2303 ξ
559 2232 616 2289 152
637 2249 666 2305 p.
685 2233 760 2288 622²
780 2233 828 2302 31,
862 2229 1092 2304 Theophrastus
1122 2231 1216 2288 etiarn
1248 2234 1281 2291 in

130 2330 204 2388 libro
236 2327 308 2404 περὶ
340 2332 406 2390 τῶν
438 2327 473 2390 ἐν
508 2331 593 2410 Ξηρῷ
619 2326 838 2406 διαμενόντων
861 2332 1004 2404 tetigerat
1028 2328 1081 2404 (cf.
1108 2333 1141 2389 fr.
1165 2335 1236 2403 171,
1262 2335 1280 2391 3

130 2442 162 2488 et
185 2424 288 2506 tlt).

227 2533 336 2607 ltaque
362 2534 461 2590 nullus
488 2535 596 2591 dubito
621 2535 695 2610 quin
723 2543 821 2592 totum
850 2553 874 2594 c.
891 2537 930 2594 37
963 2541 1141 2609 excerptum
1171 2534 1209 2591 sit
1240 2551 1279 2590 ex

129 2633 362 2707 Theophrasteo
384 2635 468 2694 libro,
505 2653 636 2710 namque
659 2636 710 2710 qui
732 2637 828 2693 minus
852 2636 1003 2711 quadrant
1030 2635 1160 2692 adeius
1185 2652 1279 2710 argu·

128 2744 262 2791 ruentum
291 2736 349 2792 loci
376 2732 395 2809 ξ
418 2737 579 2794 tlt-146
601 2755 630 2811 p.
648 2730 725 2795 filib
746 2739 866 2796 19-28
899 2745 929 2793 et
960 2737 1121 2795 150-151
1147 2755 1177 2811 p.
1195 2739 1279 2794 622¹

130 2838 249 2895 14-31
284 2838 394 2911 partim
425 2836 591 2894 cohaerent
623 2857 692 2896 cum
723 2848 823 2896 cetera
857 2837 1030 2894 narratione
1067 2831 1119 2910 (cf.
1143 2838 1280 2897 maxime

127 2943 221 3019 §143
243 2963 273 3019 p.
291 2932 367 2998 6211)
386 2941 423 2997 12
461 2936 495 2998 ἐκ
528 2937 563 2999 δὲ
595 2939 652 2998 τού
686 2936 815 3014 εύρίιτου
849 2938 906 2999 τού
941 2934 975 2998 ἐν
997 2932 1111 3016 Πύρρᾳ
1140 2937 1209 2999 κτλ.
1247 2948 1280 2997 et

127 3046 143 3115 ἐ
162 3047 220 3104 145
236 3064 263 3119 p.
281 3035 357 3103 621b
372 3044 410 3099 22
433 3036 505 3113 περὶ
525 3037 560 3099 δὲ
584 3037 642 3113 τὴν
662 3036 780 3116 Λέεβον
798 3085 804 3098 .
821 3086 827 3099 .
845 3088 851 3099 .
867 3036 902 3099 ἐν
921 3040 966 3119 τῷ
989 3033 1124 3117 εύρίιτῳ)
1148 3047 1181 3094 et
1204 3048 1280 3099 sunt

126 3149 207 3205 adeo
229 3147 327 3221 pauci,
352 3155 385 3201 ut
408 3145 456 3198 vix
478 3144 601 3200 credam
623 3143 654 3198 in
676 3143 721 3199 his
745 3142 916 3199 adhibitum
935 3158 1005 3197 esse
1023 3139 1151 3197 alterum
1167 3149 1280 3199 aucto·

126 3268 198 3306 rem.
236 3258 267 3305 et
290 3246 434 3320 estquod
455 3245 650 3300 commendet
666 3243 743 3300 hanc
767 3243 950 3318 opinionem.
984 3240 1072 3311 §147
1096 3259 1125 3314 p.
1138 3235 1220 3299 621¹)
1235 3244 1276 3303 28

125 3351 190 3410 τῶν
213 3347 248 3408 δὲ
272 3343 433 3423 μαλακίων
454 3340 718 3418 πανουργότατον
742 3343 798 3418 μὲν
820 3339 949 3417 ἡεηπία
966 3339 1017 3401 καὶ
1032 3336 1136 3415 μόνη1
1157 3345 1277 3419 χρῆται

123 3453 168 3531 τῷ
190 3447 275 3527 θόλῳ
295 3444 441 3522 κρύψεω(
464 3441 556 3520 χάριν
579 3443 630 3503 καὶ
645 3441 684 3504 ού
701 3442 802 3520 μόνον
817 3440 1002 3519 φοβουμένη
1025 3443 1194 3501 manifesto
1218 3446 1277 3503 im·

123 3559 271 3627 pugnatur
293 3548 461 3606 Aristotelis
485 3548 636 3604 sententia
661 3549 710 3622 qui
734 3548 805 3603 dicit
827 3546 855 3602 h.
872 3565 899 3600 a.
915 3544 961 3600 IV
978 3549 1005 3608 1,
1025 3547 1060 3602 11
1086 3563 1113 3618 p.
1135 3540 1278 3606 524b14

123 3650 304 3728 ειιλάγχνον
326 3647 352 3711 δ’
378 3645 475 3709 οὐδὲν
496 3643 561 3722 ἔχει
583 3649 647 3706 τῶν
670 3643 843 3721 μαλακίων,
871 3641 941 3705 ἀλλ’
965 3641 1005 3717 ἣν
1028 3644 1157 3705 κολούει
1180 3644 1276 3722 μύτιν

124 3753 175 3815 καὶ
198 3753 247 3815 ἐπὶ
269 3750 367 3832 ταύτῃ
391 3744 497 3829 θολάν.
542 3748 657 3808 τοῦτον
679 3747 714 3808 δὲ
738 3748 886 3808 πλεῑετον
914 3742 1021 3806 αὐτῶν
1051 3741 1102 3804 καὶ
1123 3743 1277 3820 μέγιετον

122 3853 258 3932 ἡεηπία
285 3851 362 3929 ἔχει’
391 3847 499 3926 άφίηει
528 3850 584 3924 μὲν
612 3845 671 3909 οὖν
701 3845 839 3920 ἅπαντα,
868 3844 947 3908 όταν
971 3847 1108 3925 φοβηθῇ,
1137 3842 1274 3922 μάλιετα

122 3956 150 4018 δ’
172 3955 191 4032 ἡ
215 3953 339 4030 (ηπίαί.
377 3962 423 4011 est
446 3962 549 4008 autem
566 3951 769 4025 Theophrasti
791 3953 833 4008 sic
856 3951 1004 4024 corrigere
1021 3966 1100 4022 quae
1117 3950 1273 4008 docuerat

123 4101 319 4119 ..-----

221 4184 231 4220 1
251 4204 282 4236 ex
300 4188 446 4236 coniectura
465 4187 577 4236 Auberti
598 4195 624 4235 et
642 4186 793 4236 Wimmeri:
815 4185 893 4235 codd.
912 4184 990 4247 μόνω
1011 4190 1038 4232 et
1056 4181 1152 4246 μόνον.

220 4271 232 4308 2
251 4276 300 4324 hoc
319 4277 369 4324 inm
389 4277 455 4325 vidit
472 4276 619 4340 Dittmcyer
636 4275 653 4326 l.
672 4275 688 4326 l.
708 4291 732 4339 p.
753 4272 788 4325 ‘20
807 4290 844 4337 sq.
865 4274 910 4338 qui
929 4273 1007 4322 etiarn
1026 4271 1092 4320 alios
1112 4270 1273 4321 Aristotelis

123 4365 197 4412 locos
216 4363 308 4431 attulit.
328 4365 396 4413 adde
416 4365 449 4413 de
468 4371 533 4430 part.
555 4364 632 4415 anim.
652 4365 679 4413 II
699 4363 724 4421 l,
745 4361 761 4412 '2
780 4379 805 4426 p.
825 4360 894 4411 thob
915 4360 958 4411 98.
