2678 4732
656 234 689 289 15

94 434 201 473 eorum
224 414 352 489 scriptor
374 415 483 469 veteris
506 414 570 469 libri
599 430 714 469 rnorem
741 413 848 469 imitari
879 421 1007 471 conatus
1030 414 1130 470 multis
1159 414 1239 488 capi*

93 517 175 573 tibus
197 517 321 571 verbum
343 511 420 590 (poci
442 517 488 572 vel
514 515 622 571 similia
643 514 817 589 praemittit,
841 514 892 569 ubi
908 516 992 588 quod
1016 516 1140 588 quidem
1163 515 1239 572 scia·

93 636 163 675 mus
185 617 250 673 eius
272 625 379 674 auctor
412 634 475 673 non
508 615 647 672 adhibuit
681 615 761 670 hanc
791 616 916 672 dicendi
946 611 1101 689 formam¹‚
1137 626 1240 673 tamen

93 736 188 794 quam
210 735 273 774 non
293 735 388 784 suam,
411 718 467 773 sed
491 717 621 773 alienam
645 724 788 791 sequatur
810 733 956 789 normam,
981 716 1068 773 facile
1091 717 1164 772 inde
1195 718 1240 772 in·

92 818 248 892 tellegitur
280 820 365 892 quod
398 836 422 876 1.
460 821 527 895 154,
553 820 621 893 161,
652 818 718 889 164,
753 819 820 885 165,
846 820 904 876 168
937 818 1027 892 plane
1058 818 1241 874 obliviscitur

92 920 172 977 illius
195 919 270 992 legis
294 919 342 975 cui
365 936 398 975 se
420 918 590 977 adstrinxit.
646 936 747 991 neque
770 919 830 974 iam
855 918 1007 975 dubitabis
1029 919 1079 974 uni
1103 919 1241 992 scriptori

93 1022 227 1079 tribuere
250 1020 345 1076 totius
366 1019 431 1076 libri
455 1021 517 1075 mir.
545 1037 628 1079 ausc.
662 1020 921 1093 compositionem,
956 1039 1023 1076 cum
1052 1037 1112 1075 una
1136 1038 1240 1076 excer-

93 1122 191 1195 pendi
213 1121 289 1176 ratio
313 1138 368 1195 per
388 1129 486 1177 totum
509 1120 615 1176 librum
639 1121 743 1177 stricte
767 1130 912 1179 servetur.

197 1220 308 1296 Capita
332 1239 402 1278 vero
427 1223 550 1280 51-60
572 1222 603 1277 iu
637 1222 797 1294 pristinum
830 1222 893 1277 libri
926 1239 1077 1278 conexum
1109 1223 1241 1296 pessime

92 1322 190 1379 inlata
213 1340 283 1379 esse
316 1323 388 1378 inde
412 1340 533 1397 quoque
567 1332 693 1396 apparet
727 1325 813 1398 quod
835 1333 1047 1398 excerptorum
1073 1325 1241 1380 secundum

93 1432 236 1481 auctores
267 1423 419 1480 adhibitos
447 1425 586 1479 ordinem
619 1426 828 1501 pessumdant,
869 1426 1019 1499 simulque
1048 1425 1242 1481 manifestum

92 1525 243 1593 redditur,
266 1527 297 1581 id
321 1527 405 1600 quod
429 1525 501 1582 sacit
523 1527 563 1580 ad
577 1527 739 1599 primorum
756 1528 930 1602 quindecim
946 1528 1079 1602 capitum
1095 1528 1242 1600 originem

92 1628 355 1700 cognoscendam,
380 1628 446 1701 ipsa
461 1636 606 1701 excerpta
621 1636 684 1684 arte
701 1629 834 1703 quadam
850 1629 1036 1703 disposuisse
1054 1629 1239 1701 scriptorem.

92 1745 168 1783 nam
207 1736 242 1783 ut
280 1731 430 1785 c.1-15
473 1729 592 1784 interim
635 1730 927 1802 praetermittamus,
961 1748 986 1789 1,
1024 1730 1143 1786 16-22
1179 1729 1241 1784 veri

93 1828 233 1885 similiter
256 1836 377 1901 sumpta
412 1837 483 1884 sunt
516 1848 553 1884 ex
576 1829 784 1903 Theophrasti
807 1831 883 1886 libro
906 1828 978 1904 περὶ
1013 1825 1182 1903 μελίτων2;
1216 1847 1240 1887 1.

96 1930 221 1987 23-28
245 1948 283 1986 ex
307 1931 444 1986 eiusdem
473 1931 549 1986 libro
583 1927 656 2004 περὶ
687 1932 752 1989 τῶν
788 1926 914 2005 ἀθρόωτ
949 1929 1156 2006 φαινομένων
1189 1925 1239 2008 (ci.

94 2031 217 2087 Roseus
239 2048 268 2104 p.
294 2026 382 2106 334);
407 2049 431 2089 c.
456 2033 495 2089 311
518 2048 555 2086 er
582 2032 722 2087 eiusdem
747 2032 822 2088 libro
844 2029 918 2106 περὶ
940 2032 1005 2091 τῶν
1028 2027 1240 2107 μεταβαλλόν-

91 2147 160 2190 των
180 2127 238 2190 τὰ(
261 2126 359 2204 χρόα(
389 2126 439 2205 (11.
463 2132 581 2188 Roseus
601 2151 630 2206 p.
649 2127 739 2208 364);
763 2152 787 2189 1.
814 2134 935 2191 33-40
960 2151 996 2188 ex
1013 2135 1150 2190 eiusdem
1165 2133 1240 2189 libro

95 2229 171 2306 περὶ
192 2227 371 2306 αἰθομένων
393 2225 446 2310 (cf.
469 2233 589 2290 Roseus
618 2253 646 2308 p.
670 2228 760 2310 280);
796 2253 820 2293 c.
854 2237 892 2292 41
928 2254 963 2292 ex
995 2236 1133 2291 eiusdem
1166 2236 1240 2291 libro

94 2329 169 2406 περὶ
190 2328 287 2391 λίθων
310 2328 360 2410 (cf.
382 2334 504 2390 Roseus
526 2352 556 2408 p.
580 2329 654 2410 280)
664 2330 684 2393 ³.
709 2335 793 2391 vides
809 2335 910 2390 inhac
933 2344 1142 2410 excerptorum
1165 2337 1241 2394 serie

95 2434 277 2507 scriptorem
311 2434 396 2490 unius
420 2434 447 2490 T
449 2434 625 2509 heophrasti
648 2436 739 2492 libros
763 2437 959 2511 compilasse3
993 2439 1076 2494 unde
1099 2439 1241 2513 probabi-

94 2535 163 2591 liter
186 2534 353 2590 concludes
378 2535 468 2592 etiam
489 2554 514 2593 c.
539 2538 577 2594 29
609 2545 641 2592 et
664 2555 688 2596 1.
713 2540 835 2595 31”-32
860 2556 897 2594 ex
925 2541 1037 2595 eodem
1061 2542 1243 2614 deprompta

94 2652 166 2693 esse
189 2643 321 2693 auctore.
364 2644 459 2710 atque
482 2654 506 2696 1,
525 2639 563 2696 29
587 2639 634 2692 vix
664 2638 786 2693 aliunde
809 2640 908 2712 potuit
930 2642 993 2714 peti
1023 2641 1079 2697 nisi
1103 2659 1140 2696 ex
1164 2641 1243 2698 libris

94 2732 169 2811 περὶ
201 2730 319 2795 ὕδατο(
354 2731 467 2813 (Laert.
493 2737 582 2811 Diog.
607 2737 635 2791 V
657 2735 727 2813 45);
767 2757 791 2798 c.
815 2736 960 2798 :tr-324
992 2750 1095 2797 autern
1128 2742 1242 2814 optime

96 2839 249 2913 quadrant
272 2837 314 2893 ad
336 2848 548 2911 argumentum
572 2839 637 2896 iibri
659 2836 730 2913 περὶ
752 2837 1004 2915 παραφμοεύνηε
1021 2834 1135 2919 (Laert.
1153 2842 1242 2915 Diog.

95 2938 125 2994 V
150 2934 212 3010 45).

197 3038 320 3094 Deinde
349 3040 566 3095 continuantur
596 3049 741 3115 excerpta
773 3041 1019 3117 'l'heophrastea
1055 3053 1086 3100 et
1119 3045 1242 3117 quidem

96 3141 270 3207 142-50,
294 3141 418 3197 61-62
441 3157 477 3195 ex
500 3140 574 3196 libro
597 3138 670 3214 περὶ
693 3137 868 3219 μετάλλων,
898 3161 922 3203 c.
948 3146 1070 3202 63-67
1103 3163 1139 3201 ex
1168 3145 1242 3200 libro

95 3237 169 3315 περὶ
184 3241 250 3299 τῶν
265 3236 491 3314 φωλευόντων,
516 3260 541 3300 c.
560 3244 683 3301 68-70
701 3261 738 3298 ex
755 3244 830 3300 libro
846 3241 918 3318 περὶ
933 3244 997 3304 τῶν
1020 3242 1100 3304 κατὰ
1122 3242 1243 3304 τόπου(

95 3341 274 3417 διαφορῶν,
296 3360 319 3398 c.
344 3343 467 3400 71—74
490 3361 527 3397 ex
548 3343 621 3399 libro
651 3340 724 3417 περὶ
747 3343 811 3404 τῶν
842 3342 876 3404 ἐν
905 3347 988 3425 ξηρῷ
1016 3342 1243 3423 διαμενόντων,

97 3460 122 3503 c.
149 3445 270 3501 75-77
295 3458 332 3497 ex
356 3441 430 3498 libro
462 3440 534 3517 περὶ
564 3444 629 3502 τῶν
663 3442 846 3519 λεγομένων
878 3447 1012 3521 φθονεῖν
1046 3441 1097 3523 (cf.
1123 3449 1242 3504 Roseus

95 3562 127 3619 p.
155 3542 241 3618 280).
277 3545 325 3602 hic
348 3543 512 3619 paullulum
536 3545 742 3603 subsistamus.
777 3548 957 3621 perspicitur
983 3549 1042 3604 iarn
1064 3566 1126 3622 quo
1148 3549 1242 3603 modo

95 3644 193 3719 egerit
216 3645 344 3718 scriptor
368 3646 399 3700 in
421 3646 625 3719 excerpendo,
648 3663 708 3701 non
728 3648 903 3704 turbulente
926 3649 1046 3704 diversa
1076 3659 1128 3705 aut
1144 3650 1243 3705 aliena

97 3762 298 3771 ——-.——

197 3831 208 3869 1
226 3837 296 3900 apud
315 3844 448 3885 auctorem
468 3838 567 3886 invenit
587 3855 643 3886 eam
663 3855 683 3888 1.
708 3837 764 3896 loa,
785 3838 844 3905 1235,
867 3839 925 3890 171.

194 3920 207 3957 2
226 3925 258 3975 cf.
277 3927 385 3973 Roseus
402 3942 428 3989 p.
449 3924 509 3990 280,
528 3926 656 3976 Schrader
674 3926 768 3977 rtitnul.
784 3926 856 3993 phil.
877 3927 910 3978 97
929 3944 953 3991 p.
974 3925 1025 3976 922
1045 3944 1083 3991 sq.

197 4009 347 4078 8pleniora
372 4021 432 4062 sunt
458 4030 522 4078 quae
546 4014 589 4064 hic
614 4015 734 4078 leguntur
759 4032 836 4080 quam
863 4032 930 4080 quae
956 4022 1044 4063 extant
1062 4016 1088 4062 in
1108 4013 1242 4077 Theoplrr.

93 4103 125 4153 11.
145 4100 301 4171 11r3W.:
326 4116 360 4152 sc.
380 4108 406 4150 et
425 4103 491 4150 haec
511 4109 536 4151 et
554 4103 600 4151 illa
620 4118 738 4168 excerpta
757 4120 788 4152 ex
809 4105 924 4166 genuino
949 4104 1016 4152 libro
1036 4101 1242 4166 TheophrastcO.

94 4190 130 4241 cf.
149 4190 225 4238 etiam
243 4189 355 4238 Richter
374 4189 406 4243 dc
425 4190 539 4243 Aristot.
556 4191 638 4258 probi.
658 4194 767 4241 Bonuae
790 4191 857 4244 1685
876 4208 900 4256 p.
920 4191 945 4244 il.

197 4272 262 4326 4de
281 4277 322 4325 his
341 4279 450 4342 probare
469 4295 573 4344 nequeo
593 4279 731 4329 Schraderi
751 4280 876 4328 iudicium
895 4279 1243 4345 r.r.p.2·20neeMue11en-

97 4366 164 4417 horr
183 4366 201 4417 1.
221 4366 240 4418 1.
257 4383 283 4432 p.
301 4366 362 4419 427.
