2654 4726
90 386 220 453 miscuit,
243 386 299 442 sed
322 384 493 459 composuit
516 402 595 457 quae
609 383 715 441 habuit
730 384 868 440 eiusdem
884 382 1054 457 argumenti
1078 392 1238 461 excerpta,

90 488 137 544 vel
162 498 194 543 ut
216 486 281 542 aliis
304 485 400 542 verbis
421 486 504 542 idem
528 485 637 556 dicam,
661 503 723 541 non
739 484 822 559 prius
837 485 878 540 ad
894 484 1022 541 alterum
1036 484 1150 543 librum
1166 502 1239 545 auc·
1274 482 1277 487 ’

89 589 163 646 toris
185 588 344 645 cuiusdam
368 587 595 661 excerpendum
617 585 736 642 transiit
757 602 849 661 quarn
875 602 912 639 ex
929 584 1026 641 altero
1039 602 1124 661 quae
1140 586 1237 645 voluit

90 690 180 765 plene
202 688 400 763 perfecteque
423 689 569 745 continua
591 687 668 743 serie
690 686 894 761 adposuisset.
923 685 1004 744 hanc
1034 685 1075 743 ob
1106 702 1236 745 causam

91 810 116 851 c.
139 792 177 849 66
201 808 239 845 ex
261 790 335 847 libro
357 785 429 863 περὶ
451 788 515 848 τῶν
534 783 754 863 φωλευόντων
769 790 984 862 depromptum
1006 804 1087 864 esse,
1109 805 1177 846 non
1198 805 1238 847 ex

89 892 164 947 libro
185 886 257 965 περὶ
284 889 348 949 τῶν
378 885 561 962 λεγομένων
592 888 735 963 φθονεῖν.
770 898 803 944 ut
835 888 957 945 Roseus
989 888 1064 945 dicit
1086 906 1117 963 p.
1142 882 1235 957 3⁷1¹,

89 1008 218 1048 necesse
240 1002 301 1049 est:
329 992 464 1065 alioquin
486 991 567 1047 enim
583 1008 663 1064 quae
678 1000 822 1065 excerpta
838 998 908 1046 sunt
923 1007 960 1045 ex
984 988 1058 1045 libro
1072 985 1148 1064 περὶ
1172 990 1237 1051 τῶν

88 1088 305 1167 φωλευόντων
327 1094 387 1150 alio
410 1102 554 1167 excerpto
578 1093 766 1150 divelluntur.
790 1093 872 1150 idem
895 1092 980 1148 cadit
1000 1091 1030 1146 in
1052 1108 1079 1147 c.
1092 1091 1236 1159 68-70,

90 1213 170 1269 quac
190 1195 309 1251 Roseus
325 1213 354 1268 p.
372 1197 434 1253 280
448 1194 610 1268 adscripsit
627 1194 701 1250 libro
716 1189 789 1266 περὶ
804 1188 1022 1267 ἑτεροφωνίας
1037 1190 1104 1251 τῶν
1118 1187 1235 1266 oporc-

88 1294 167 1354 tritt:
191 1304 222 1350 at
244 1315 268 1356 c.
293 1298 332 1355 69
355 1296 438 1352 nullo
461 1296 555 1352 modo
585 1296 812 1352 accommodari
839 1302 944 1370 potest
968 1294 1056 1351 huius
1089 1293 1157 1351 libri
1189 1312 1234 1353 ar·

89 1405 246 1470 gumento,
288 1398 344 1453 sed
367 1398 499 1471 pertinet
521 1397 563 1453 ad
585 1396 691 1452 librum
712 1391 785 1470 περὶ
805 1393 872 1455 τῶν
904 1391 985 1454 κατὰ
1018 1390 1139 1455 τόπου(
1166 1396 1233 1455 δια·

89 1496 212 1571 φορῶν,
241 1498 287 1554 cui
313 1517 338 1557 c.
363 1500 403 1556 68
426 1508 455 1555 et
480 1500 517 1555 70
543 1514 666 1571 quoque
688 1497 850 1554 tribuenda
871 1512 940 1553 esse
962 1495 1034 1552 inde
1056 1497 1233 1555 necessario
1274 1532 1278 1541 ·

89 1598 290 1657 concluditur.
313 1617 414 1674 neque
438 1616 525 1655 secus
549 1616 575 1656 c.
597 1599 722 1657 51-o0
745 1597 869 1654 turbant
892 1596 1157 1654 continuationem
1179 1614 1233 1654 eo-

89 1716 154 1754 rum
178 1717 256 1772 quae
279 1708 423 1774 excerpta
446 1710 515 1756 sunt
537 1716 575 1755 ex
599 1698 675 1755 libro
699 1697 935 1772 Theophrasteo
957 1692 1030 1772 περὶ
1049 1692 1231 1769 μετάλλωνε

89 1818 126 1856 ea
149 1802 173 1856 si
202 1802 366 1876 sustuleris,
390 1802 548 1877 pristinum
571 1810 602 1857 et
624 1810 737 1859 rectum
759 1808 973 1874 excerptorum
992 1798 1132 1855 ordinem
1147 1816 1233 1857 recu·
1276 1842 1278 1847 -

89 1901 218 1974 potabis,
254 1902 361 1959 frustra
384 1912 486 1959 autern
507 1900 753 1960 Muellenhoffius
784 1901 803 1958 1.
836 1901 854 1960 l.
878 1918 907 1974 p.
931 1900 991 1958 427
1025 1908 1156 1959 conatus
1186 1908 1233 1960 est

89 2001 189 2059 eidem
212 1999 284 2076 περὶ
306 1999 470 2077 μετάλλων
490 2004 563 2061 libro
592 2004 739 2061 addicere
772 2002 865 2059 etiam
888 2019 913 2059 c.
937 2003 988 2068 52,
1013 2002 1064 2067 58,
1086 2002 1138 2061 59.
1174 2002 1233 2060 etsi

90 2122 129 2158 ne
157 2104 201 2160 ita
225 2104 349 2180 quidem
380 2114 410 2162 et
442 2116 565 2181 propter
599 2115 757 2162 externam
790 2114 1003 2179 excerptorum
1036 2101 1168 2161 formam
1201 2110 1234 2161 et

88 2214 212 2280 propter
241 2207 380 2263 ordinem
410 2225 514 2263 eorum
542 2208 743 2282 interruptum
772 2224 834 2263 non
864 2206 1106 2262 concederemus
1130 2222 1150 2261 a
1171 2205 1233 2282 pri·

89 2307 168 2362 stino
192 2306 267 2362 libro
288 2308 386 2364 aliena
402 2325 469 2364 esse
492 2309 659 2367 col-60.
689 2317 721 2364 et
744 2325 820 2364 sane
842 2308 940 2364 honos
962 2313 1104 2363 auctores
1126 2322 1235 2365 eorum
1263 2360 1267 2369 ,

88 2407 215 2480 scriptor
236 2408 348 2465 adiisse
371 2409 501 2464 videtur:
523 2426 594 2464 nam
616 2427 642 2467 c.
665 2411 705 2468 53
728 2427 766 2465 ex
789 2403 928 2465 Phania²
950 2416 997 2464 est
1018 2414 1183 2483 sumptum,
1205 2424 1233 2467 c.

88 2508 126 2564 54
151 2525 187 2564 cx
210 2504 362 2564 Eudoxo3
383 2509 430 2565 vel
455 2518 615 2583 utrumque
637 2528 675 2565 ex
699 2507 898 2585 Callimach0,
921 2516 1004 2566 certe
1026 2525 1091 2565 non
1112 2524 1154 2564 ex
1170 2509 1235 2567 An·

88 2608 193 2681 tigono
213 2609 290 2683 ipso.
317 2609 407 2665 nihilo
430 2611 529 2667 minus
558 2629 582 2667 c.
597 2613 636 2669 52
660 2610 784 2684 quidem
800 2609 925 2666 omnino
951 2608 1059 2682 nequit
1079 2609 1235 2684 pertinere

88 2710 128 2763 ad
155 2709 261 2765 librum
281 2706 353 2784 περὶ
374 2704 548 2784 μετάλλων,
582 2729 651 2767 cum
672 2727 736 2767 non
759 2717 867 2785 agatur
886 2710 926 2766 ibi
948 2710 988 2765 de
1010 2708 1151 2783 metalliS,
1183 2726 1236 2767 ve·

87 2826 151 2864 rum
174 2811 213 2864 de
237 2810 328 2867 rebus
350 2828 429 2887 quae
451 2811 659 2887 lapidescunt:
683 2811 746 2867 eius
767 2810 914 2884 originem
936 2811 1096 2869 nescimus.
1122 2820 1235 2869 contra

88 2929 113 2968 c.
137 2912 258 2969 58-59
282 2912 515 2988 Theophrastea
537 2913 692 2970 continere
713 2908 868 2989 apparel,
904 2914 960 2969 sed
993 2913 1055 2969 veri
1083 2920 1131 2970 est
1151 2914 1235 2971 simi·

88 3011 142 3067 lius
165 3031 201 3066 ea
226 3012 335 3069 hausta
366 3031 434 3070 esse
458 3033 494 3070 ex
529 3014 593 3071 eius
625 3008 792 3088 λετορικοῑε
830 3009 1033 3088 ὑπομνήματι
1065 3030 1159 3087 quam
1195 3032 1235 3073 ex

87 3112 161 3167 libro
184 3109 255 3186 περὶ
272 3108 444 3187 μετάλλων.
469 3115 541 3171 iude
567 3114 649 3171 enim
665 3116 834 3171 secundum
855 3115 948 3174 schol.
964 3113 996 3170 in
1011 3113 1109 3188 Apoll.
1126 3114 1234 3175 Rhod.

86 3212 129 3267 IV
152 3214 209 3271 834
237 3213 330 3270 habet
364 3233 419 3271 sua
441 3214 642 3273 Callimachus
676 3217 758 3291 apud
787 3216 888 3290 Antig.
911 3235 937 3274 c.
963 3216 1031 3287 130,
1066 3230 1127 3288 quo
1160 3235 1234 3275 cum

88 3314 187 3387 capite
210 3331 235 3373 c.
264 3317 318 3372 131
344 3323 408 3371 arte
433 3316 628 3373 coniunctum
650 3313 728 3374 est5.

187 3413 321 3483 Quando
344 3425 445 3472 autem
461 3417 564 3490 capita
577 3419 701 3477 51-60
724 3418 837 3492 scripta
859 3425 889 3474 et
910 3419 941 3473 in
963 3427 1099 3475 veterem
1121 3418 1235 3479 librum

87 3516 200 3571 inserta
223 3518 343 3572 sint-
366 3536 437 3575 nam
467 3519 569 3574 omnia
600 3521 734 3575 eundem
766 3519 929 3576 coniuncta
959 3519 1096 3576 intulisse
1117 3536 1174 3594 per
1197 3538 1233 3579 se

86 3624 132 3673 est
154 3618 308 3690 probabile
330 3648 381 3692 —‚
405 3619 521 3676 definiri
543 3636 635 3694 posse
659 3620 778 3676 videtur
799 3636 836 3675 ex
860 3637 886 3677 c,
902 3620 952 3678 51.
985 3638 1055 3677 uam
1076 3618 1126 3677 hic
1150 3618 1234 3678 Pan·

185 3896 195 3932 1
215 3901 289 3950 aliter
307 3901 364 3964 ipse
384 3904 490 3951 Roseus
508 3920 534 3967 p.
554 3901 614 3955 280.

184 3986 196 4021 '2
215 3991 247 4040 cs.
268 3990 359 4052 Antig.
378 3991 440 4042 hist.
459 3992 515 4043 mir.
535 4007 557 4043 c.
573 3991 631 4043 los.

186 4074 246 4128 3cf.
265 4078 302 4128 id.
322 4094 343 4129 c.
363 4077 422 4130 169.

185 4162 246 4218 4cf.
266 4167 334 4215 enirn
356 4168 448 4230 Antig.
467 4167 528 4220 hist.
548 4169 603 4220 mir.
625 4185 646 4219 c.
668 4168 727 4220 131.

184 4251 350 4320 intrumque
376 4262 454 4322 caput
476 4256 607 4306 historicis
631 4259 823 4308 commentariis
847 4259 900 4307 iam
925 4258 1065 4323 adscripsit
1084 4258 1231 4311 Schneider

85 4342 154 4391 Saxo
173 4343 306 4410 Theophr.
326 4360 369 4410 op.
389 4344 443 4396 vol.
461 4345 487 4393 V
505 4360 531 4408 p.
551 4342 611 4396 291.
