2678 4732
623 244 657 305 at

14 496 17 501 ,
62 427 223 505 magister:
245 433 360 485 certum
383 425 473 483 adest
495 425 633 482 eiusdem
655 425 739 480 modi
763 425 934 498 exemplum
956 424 996 509 d.¹
1010 442 1090 485 caus.
1114 425 1152 497 pl.
1167 418 1210 482 Ill

66 535 115 602 12,
132 535 150 590 2
174 526 277 603 ὥςπερ
300 525 361 602 γὰρ
384 521 503 601 εἴρηται
525 521 677 585 πολλάκις
694 521 752 584 οὐκ
768 520 833 584 ἀπὸ
848 527 904 599 τῆς
920 526 978 599 γῆς
996 521 1105 599 μόνον,
1130 521 1212 586 ἀλλὰ

63 631 118 694 καὶ
148 630 214 693 ἀπὸ
242 631 300 690 τοῦ
330 624 420 704 ἡλίου
451 624 502 687 καὶ
530 622 595 686 ἀπὸ
624 627 681 686 τοῦ
705 622 799 701 ἀέρος
827 621 846 699 ἡ
870 623 986 701 τροφή,
1020 645 1098 701 quae
1123 632 1211 688 verba

10 708 12 713 ’
64 741 211 810 spectant
233 733 274 788 aa
296 731 384 789 Aust.
409 731 448 785 <re
471 748 542 802 gen.
565 738 595 786 et
617 730 727 786 imerii.
752 728 814 785 ns
838 748 867 802 p.
886 730 960 786 aaaa
977 732 1012 786 11
1032 725 1119 804 sqq.1

167 834 280 892 Verum
301 831 421 888 silentio
448 830 544 904 pressi
566 830 624 887 huc
653 847 750 903 usque
772 831 858 903 quod
880 831 1005 886 omnino
1029 847 1085 886 nos
1108 838 1211 886 vetare

62 936 270 994 videaturad
293 933 540 1008 Theophrastum
562 932 651 987 huius
675 932 780 1005 capitis
804 931 953 1005 originem
976 931 1097 988 referre.
1143 949 1210 988 cum

61 1038 147 1095 enim
179 1037 227 1092 hic
257 1036 420 1092 affirmetur
449 1034 588 1106 perdices
618 1035 711 1088 edere
742 1032 884 1089 cochleas
914 1033 930 1102 ἓ
964 1035 1022 1092 135
1046 1051 1073 1108 p.
1102 1034 1209 1092 621³1

61 1134 149 1200 ὅπου
174 1134 250 1216 ἀνῇ
274 1131 411 1210 κοχλίας,
437 1133 488 1192 circ
511 1130 570 1193 οὐκ
593 1129 674 1193 έςτιν
697 1129 773 1192 οὐδὲ
795 1129 912 1206 πέρδιξ.
941 1131 1135 1193 καιεςθίοοςι
1150 1131 1211 1208 γὰρ

59 1235 209 1300 πάντας2
230 1235 305 1296 τοὺς
328 1231 467 1310 κοχλίας,
489 1234 720 1309 Theophrastus
744 1234 802 1290 hoc
826 1234 943 1292 ridetur
958 1253 1081 1312 negare,
1105 1236 1128 1292 si
1144 1253 1211 1310 pro-

61 1341 164 1416 prium
186 1339 218 1396 id
241 1355 309 1394 esse
331 1336 505 1411 perdicibus
528 1335 641 1391 Sciathi
664 1335 779 1391 insulae
803 1335 884 1394 dicit.
930 1337 1041 1396 Athen.
1065 1337 1147 1394 enim
1168 1337 1210 1394 IX

61 1460 93 1515 p.
112 1442 188 1498 390c
212 1448 373 1514 postquam
394 1437 497 1511 fragm.
523 1436 587 1492 libri
613 1434 685 1510 περὶ
707 1436 773 1497 τῶν
797 1433 878 1496 κατὰ
900 1433 1020 1497 τόπους
1043 1437 1211 1513 διαφορῶν

61 1541 282 1616 Theophrasto
309 1539 466 1595 nominato
498 1538 652 1612 adposuit,
690 1539 801 1612 pergit:
837 1533 867 1597 oi
897 1535 932 1597 δὲ
961 1534 996 1598 ἑν
1024 1533 1145 1618 (κιάθῳ
1172 1540 1210 1618 τῇ

61 1638 151 1721 νήςῳ
175 1637 229 1716 (sc.
251 1634 409 1716 πέρδικες)
438 1635 567 1714 κοχλίας
596 1635 738 1714 ἐςθίουςι,
773 1657 852 1714 quae
873 1639 966 1695 verba
993 1640 1059 1713 quis
1084 1657 1147 1697 non
1171 1641 1211 1697 ad

63 1744 200 1800 eundem
219 1742 331 1798 referet
353 1740 558 1814 Theophrasti
582 1740 697 1799 librum.
742 1748 773 1796 at
795 1740 982 1797 incredibilia
1004 1741 1097 1797 tradit
1114 1741 1210 1797 Athe-

62 1863 162 1902 naeus
185 1863 242 1901 nec
263 1843 371 1899 dubito
399 1842 472 1915 quin
500 1841 567 1916 ipse
595 1850 648 1898 aut
671 1859 761 1915 quern
789 1842 901 1917 expilat
923 1843 1095 1917 peccaverit
1117 1861 1212 1917 nega-

62 1947 151 2003 tione
173 1945 323 2018 neglecta.
357 1962 427 1999 narn
444 1961 512 1999 com
527 1943 634 2017 perdix
649 1942 792 2026 frequens
808 1944 847 2000 sit
862 1961 916 2018 per
936 1952 1032 1999 totam
1049 1943 1211 2002 Graeciam

61 2048 129 2104 avis
152 2065 251 2121 eaque
274 2045 394 2118 ubique,
421 2054 453 2101 ut
480 2046 628 2100 benevole
654 2062 773 2101 mecum
798 2045 1030 2102 communicavit
1053 2044 1149 2102 Bolau
1171 2047 1211 2102 vi·

13 2198 16 2203 .
61 2149 148 2204 vario
164 2146 384 2221 Hamburgeusi
408 2144 589 2219 praefectus
614 2145 745 2202 cochleis
768 2154 910 2203 vescatur
920 2142 940 2219 ³,
963 2145 1117 2202 insolitum
1136 2147 1210 2203 illud

61 2250 104 2306 de
125 2248 238 2305 Sciathi
261 2247 378 2303 insulae
402 2246 575 2320 perdicibus
602 2246 671 2302 ferri
691 2265 753 2302 non
775 2248 884 2321 potuit,
913 2246 1044 2303 cochleis
1067 2249 1209 2322 perdices

60 2351 130 2407 illos
153 2351 242 2420 vesei,
267 2350 323 2406 sed
347 2366 408 2405 non
430 2349 519 2406 vesci.

163 2450 252 2507 Hanc
280 2450 344 2506 libri
371 2450 445 2505 noni
472 2458 590 2524 partem
619 2449 773 2524 excipiunt
804 2451 845 2505 de
867 2450 1047 2508 animalibus
1071 2451 1210 2526 disputa·

60 2553 163 2609 tiones
197 2569 325 2626 quorum
355 2551 489 2608 sollertia
519 2552 597 2608 adeo
631 2559 678 2607 est
712 2551 743 2607 in
776 2552 947 2628 propatulo,
979 2560 1011 2608 ut
1039 2571 1131 2609 nemo
1159 2552 1209 2626 qui

61 2652 182 2726 scripsit
204 2648 276 2726 περὶ
299 2649 389 2730 Ζῴινν
411 2647 597 2725 φρονήςεως
621 2648 671 2710 καὶ
693 2646 791 2723 ἤθους
814 2670 869 2708 eos
884 2653 1018 2727 potuerit
1033 2654 1207 2726 neglegere.

60 2753 204 2811 formicas
229 2754 299 2810 dico
323 2762 353 2808 et
376 2770 504 2810 araneas
528 2762 559 2808 et
582 2771 654 2827 apes
680 2770 806 2826 quarum
829 2754 977 2810 industria
1000 2762 1030 2809 et
1046 2754 1209 2828 prudentia

59 2857 101 2911 ab
122 2854 220 2911 omnis
242 2855 363 2928 generis
386 2854 582 2928 scriptoribus
607 2855 796 2912 decantatur.
832 2872 892 2929 qua
914 2873 946 2911 re
969 2855 993 2911 si
1015 2862 1097 2912 recte
1119 2855 1209 2912 statui

58 2972 207 3030 magnam
229 2963 348 3029 partem
364 2955 437 3012 noni
452 2956 516 3011 libri
533 2973 569 3010 ex
586 2953 821 3029 Theophrasteo
838 2956 888 3012 illo
905 2956 979 3013 libro
996 2957 1208 3030 depromptam

57 3072 140 3128 esse,
172 3073 248 3130 quae
271 3056 301 3110 in
325 3074 362 3112 eo
386 3058 427 3112 de
450 3056 557 3111 horum
578 3056 751 3113 animalium
774 3056 907 3112 sollertia
936 3056 1084 3132 leguntur,
1106 3056 1207 3113 Theo-

55 3156 186 3234 phrasto
220 3175 281 3213 uon
317 3158 450 3215 defuisse
486 3175 555 3214 meo
592 3159 655 3213 iure
685 3160 880 3216 contendam.
926 3166 1019 3233 atque
1047 3157 1209 3215 coniuncta

55 3246 141 3316 haec
174 3275 287 3332 genera
319 3259 379 3316 iam
416 3267 572 3316 auctorem
606 3277 696 3334 quem
725 3260 861 3334 sequitur
891 3260 964 3316 noni
993 3260 1059 3317 libri
1082 3261 1209 3334 scriptor

56 3359 238 3417 tractavisse
267 3368 393 3434 apparet
423 3378 461 3415 ex
489 3359 589 3434 primis
618 3361 716 3417 verbis
747 3379 772 3420 c.
790 3363 839 3429 38,
866 3363 923 3420 155
947 3381 976 3436 p.
993 3353 1071 3419 622b
1090 3363 1126 3419 19
1143 3379 1208 3437 sqq.

54 3477 121 3518 nec
142 3477 204 3516 non
227 3477 265 3516 ex
288 3479 311 3518 c.
330 3463 378 3528 lu,
405 3463 463 3518 165
487 3479 515 3534 p.
534 3453 611 3519 623¹>
629 3463 667 3518 13
684 3478 750 3535 sqq.

162 3561 410 3636 Theophrastum
444 3570 546 3617 autem
572 3579 603 3617 re
635 3580 706 3618 vera
736 3563 767 3617 in
797 3563 851 3619 illis
882 3563 988 3620 saltem
1018 3565 1058 3619 de
1088 3564 1207 3621 araneis
1263 3583 1266 3594 ’

56 3663 212 3738 capitibus
245 3663 342 3718 teneri
372 3680 433 3718 una
461 3663 596 3718 ostendit
618 3663 802 3719 sententiola
826 3682 849 3722 c.
868 3665 914 3732 39,
941 3666 998 3722 162
1021 3683 1050 3739 p.
1068 3666 1143 3721 623ει
1169 3666 1208 3723 30

56 3760 215 3826 δύνανται
242 3758 270 3822 b'
294 3757 422 3837 ἀφιέναι
450 3759 480 3821 oi
508 3758 643 3838 ἀράχναι
671 3760 708 3823 τὸ
739 3759 892 3839 ἀράχνιον
916 3760 1009 3824 εὐθὺς
1029 3761 1206 3840 γενόμενοι,

57 3860 121 3926 οὐκ
143 3860 261 3924 έςωθεν
283 3860 326 3923 ὡς
349 3859 387 3924 ὂν
410 3860 601 3941 περίττωμα,
630 3859 773 3939 καθάπερ
796 3862 872 3940 φηςὶ
895 3862 1108 3943 Δημόκριτος,
1137 3861 1206 3926 ἀλλ’

161 4118 171 4155 ¹
190 4122 251 4170 vide
270 4121 446 4172 Kirchnemm
467 4122 485 4173 l.
505 4122 522 4173 l.
541 4139 567 4187 p.
586 4120 638 4174 518
659 4138 716 4188 sqq.

159 4206 297 4258 ‘lBelrker
316 4211 442 4262 coniecit:
461 4211 563 4278 ἄμφω;
582 4212 658 4263 codd.
680 4210 797 4272 πάντες;
819 4227 871 4263 rec.
891 4228 924 4263 m.
938 4213 980 4261 Aa
1000 4213 1115 4275 πάντας,
1135 4215 1206 4279 quod

58 4300 159 4365 recepit
178 4298 330 4350 Schneider.

162 4382 173 4419 θ
192 4387 224 4440 cs.
246 4390 322 4439 etiam
341 4390 511 4439 Naumannus
530 4386 564 4442 ule
583 4386 652 4442 ovib.
672 4386 835 4442 Gerutuuiae
854 4389 893 4439 VI
912 4406 937 4455 p.
957 4389 1017 4441 569.

988 4477 1004 4531 3
