<?xml version="1.0" encoding="UTF-8"?>
<!DOCTYPE html PUBLIC "-//W3C//DTD XHTML 1.0 Transitional//EN"
    "http://www.w3.org/TR/xhtml1/DTD/xhtml1-transitional.dtd">
<html xmlns="http://www.w3.org/1999/xhtml" xml:lang="en" lang="en">
 <head>
  <title>
</title>
<meta http-equiv="Content-Type" content="text/html;charset=utf-8" />
  <meta name='ocr-system' content='tesseract 3.04.00' />
  <meta name='ocr-capabilities' content='ocr_page ocr_carea ocr_par ocr_line ocrx_word'/>
</head>
<body>
  <div class='ocr_page' id='page_1' title='image "./detheophrastili00joacgoog_0021.png"; bbox 0 0 2654 4726; ppageno 0'>
   <div class='ocr_carea' id='block_1_1' title="bbox 649 202 682 255">
    <p class='ocr_par' dir='ltr' id='par_1_1' title="bbox 649 202 682 255">
     <span class='ocr_line' id='line_1_1' title="bbox 649 202 682 255; baseline 0.03 -1"><span class='ocrx_word' id='word_1_1' title='bbox 649 202 682 255; x_wconf 81' lang='lat'>18</span> 
     </span>
    </p>
   </div>
   <div class='ocr_carea' id='block_1_2' title="bbox 85 362 1244 3483">
    <p class='ocr_par' dir='ltr' id='par_1_2' title="bbox 85 362 1244 3483">
     <span class='ocr_line' id='line_1_2' title="bbox 91 362 1244 450; baseline 0.003 -17"><span class='ocrx_word' id='word_1_2' title='bbox 91 377 248 450; x_wconf 82' lang='lat' dir='ltr'>Olympiae</span> <span class='ocrx_word' id='word_1_3' title='bbox 271 394 332 431; x_wconf 90' lang='lat' dir='ltr'>non</span> <span class='ocrx_word' id='word_1_4' title='bbox 356 376 385 429; x_wconf 89' lang='lat' dir='ltr'>in</span> <span class='ocrx_word' id='word_1_5' title='bbox 410 374 547 431; x_wconf 80' lang='lat' dir='ltr'>Pantheo</span> <span class='ocrx_word' id='word_1_6' title='bbox 577 376 725 449; x_wconf 89' lang='lat' dir='ltr'>quodam,</span> <span class='ocrx_word' id='word_1_7' title='bbox 755 379 811 432; x_wconf 87' lang='lat' dir='ltr'>sed</span> <span class='ocrx_word' id='word_1_8' title='bbox 841 379 881 432; x_wconf 87' lang='lat' dir='ltr'>ad</span> <span class='ocrx_word' id='word_1_9' title='bbox 905 362 1118 436; x_wconf 85' lang='lat' dir='ltr'>Leonidaeum</span> <span class='ocrx_word' id='word_1_10' title='bbox 1146 379 1244 439; x_wconf 87' lang='lat' dir='ltr'>fuisse</span> 
     </span>
     <span class='ocr_line' id='line_1_3' title="bbox 90 473 1244 556; baseline 0.005 -23"><span class='ocrx_word' id='word_1_11' title='bbox 90 479 172 533; x_wconf 89' lang='lat' dir='ltr'>illurn</span> <span class='ocrx_word' id='word_1_12' title='bbox 195 478 367 543; x_wconf 86' lang='lat' dir='ltr'>oleastrum,</span> <span class='ocrx_word' id='word_1_13' title='bbox 396 477 445 549; x_wconf 94' lang='lat' dir='ltr'>qui</span> <span class='ocrx_word' id='word_1_14' title='bbox 469 477 568 532; x_wconf 86' lang='lat' dir='ltr'>vocari</span> <span class='ocrx_word' id='word_1_15' title='bbox 597 478 717 533; x_wconf 81' lang='lat' dir='ltr'>solebat</span> <span class='ocrx_word' id='word_1_16' title='bbox 746 473 837 536; x_wconf 82' lang='grc' dir='ltr'>ἐλαία</span> <span class='ocrx_word' id='word_1_17' title='bbox 866 476 1131 553; x_wconf 71' lang='grc' dir='ltr'>καλλιετέφανοε.</span> <span class='ocrx_word' id='word_1_18' title='bbox 1167 482 1244 556; x_wconf 89' lang='lat' dir='ltr'>quid</span> 
     </span>
     <span class='ocr_line' id='line_1_4' title="bbox 89 573 1244 654; baseline 0.004 -20"><span class='ocrx_word' id='word_1_19' title='bbox 89 580 178 651; x_wconf 86' lang='lat' dir='ltr'>igitur</span> <span class='ocrx_word' id='word_1_20' title='bbox 200 573 332 633; x_wconf 78' lang='lat' dir='ltr'>accidit?</span> <span class='ocrx_word' id='word_1_21' title='bbox 365 586 398 631; x_wconf 91' lang='lat' dir='ltr'>ut</span> <span class='ocrx_word' id='word_1_22' title='bbox 427 576 517 632; x_wconf 87' lang='lat' dir='ltr'>ceteri</span> <span class='ocrx_word' id='word_1_23' title='bbox 546 577 585 632; x_wconf 92' lang='lat' dir='ltr'>illi</span> <span class='ocrx_word' id='word_1_24' title='bbox 616 576 799 633; x_wconf 80' lang='lat' dir='ltr'>scholiastae</span> <span class='ocrx_word' id='word_1_25' title='bbox 831 578 908 634; x_wconf 89' lang='lat' dir='ltr'>falso</span> <span class='ocrx_word' id='word_1_26' title='bbox 939 580 1131 654; x_wconf 90' lang='lat' dir='ltr'>interpretati</span> <span class='ocrx_word' id='word_1_27' title='bbox 1171 592 1244 639; x_wconf 87' lang='lat' dir='ltr'>sunt</span> 
     </span>
     <span class='ocr_line' id='line_1_5' title="bbox 90 677 1244 751; baseline 0.004 -17"><span class='ocrx_word' id='word_1_28' title='bbox 90 679 261 735; x_wconf 88' lang='lat' dir='ltr'>Aristotelis</span> <span class='ocrx_word' id='word_1_29' title='bbox 288 679 443 751; x_wconf 84' lang='lat' dir='ltr'>personati</span> <span class='ocrx_word' id='word_1_30' title='bbox 474 677 584 743; x_wconf 88' lang='lat' dir='ltr'>locum,</span> <span class='ocrx_word' id='word_1_31' title='bbox 615 678 657 733; x_wconf 86' lang='lat' dir='ltr'>ita</span> <span class='ocrx_word' id='word_1_32' title='bbox 681 678 772 733; x_wconf 88' lang='lat' dir='ltr'>etiam</span> <span class='ocrx_word' id='word_1_33' title='bbox 796 678 971 735; x_wconf 89' lang='lat' dir='ltr'>Pindaricus</span> <span class='ocrx_word' id='word_1_34' title='bbox 996 698 1129 736; x_wconf 89' lang='lat' dir='ltr'>errorem</span> <span class='ocrx_word' id='word_1_35' title='bbox 1156 700 1244 739; x_wconf 89' lang='lat' dir='ltr'>com·</span> 
     </span>
     <span class='ocr_line' id='line_1_6' title="bbox 89 774 1243 854; baseline 0.004 -18"><span class='ocrx_word' id='word_1_36' title='bbox 89 782 168 837; x_wconf 84' lang='lat' dir='ltr'>misit</span> <span class='ocrx_word' id='word_1_37' title='bbox 191 799 226 835; x_wconf 86' lang='lat' dir='ltr'>ex</span> <span class='ocrx_word' id='word_1_38' title='bbox 250 781 359 835; x_wconf 89' lang='lat' dir='ltr'>eadem</span> <span class='ocrx_word' id='word_1_39' title='bbox 382 797 474 835; x_wconf 88' lang='lat' dir='ltr'>causa</span> <span class='ocrx_word' id='word_1_40' title='bbox 484 774 503 837; x_wconf 84' lang='lat'>¹.</span> <span class='ocrx_word' id='word_1_41' title='bbox 540 780 633 854; x_wconf 91' lang='lat' dir='ltr'>ipsius</span> <span class='ocrx_word' id='word_1_42' title='bbox 655 781 761 853; x_wconf 89' lang='lat' dir='ltr'>capitis</span> <span class='ocrx_word' id='word_1_43' title='bbox 786 781 823 849; x_wconf 73' lang='lat' dir='ltr'>at</span> <span class='ocrx_word' id='word_1_44' title='bbox 848 782 926 837; x_wconf 91' lang='lat' dir='ltr'>ratio</span> <span class='ocrx_word' id='word_1_45' title='bbox 953 781 1078 854; x_wconf 86' lang='lat' dir='ltr'>flagitat,</span> <span class='ocrx_word' id='word_1_46' title='bbox 1102 792 1136 839; x_wconf 89' lang='lat' dir='ltr'>ut</span> <span class='ocrx_word' id='word_1_47' title='bbox 1159 783 1243 841; x_wconf 89' lang='lat' dir='ltr'>Pan·</span> 
     </span>
     <span class='ocr_line' id='line_1_7' title="bbox 88 880 1242 954; baseline 0.007 -18"><span class='ocrx_word' id='word_1_48' title='bbox 88 881 191 938; x_wconf 88' lang='lat' dir='ltr'>theum</span> <span class='ocrx_word' id='word_1_49' title='bbox 214 881 399 937; x_wconf 84' lang='lat' dir='ltr'>Atheniense</span> <span class='ocrx_word' id='word_1_50' title='bbox 424 880 637 954; x_wconf 84' lang='lat' dir='ltr'>intellegamus</span> <span class='ocrx_word' id='word_1_51' title='bbox 668 882 761 954; x_wconf 89' lang='lat' dir='ltr'>idque</span> <span class='ocrx_word' id='word_1_52' title='bbox 793 881 882 937; x_wconf 90' lang='lat' dir='ltr'>situm</span> <span class='ocrx_word' id='word_1_53' title='bbox 906 883 946 936; x_wconf 90' lang='lat' dir='ltr'>ad</span> <span class='ocrx_word' id='word_1_54' title='bbox 970 882 1090 939; x_wconf 82' lang='lat' dir='ltr'>ilissum</span> <span class='ocrx_word' id='word_1_55' title='bbox 1117 884 1242 945; x_wconf 86' lang='lat' dir='ltr'>flumen.</span> 
     </span>
     <span class='ocr_line' id='line_1_8' title="bbox 89 982 1243 1057; baseline 0.003 -18"><span class='ocrx_word' id='word_1_56' title='bbox 89 984 160 1056; x_wconf 93' lang='lat' dir='ltr'>quid</span> <span class='ocrx_word' id='word_1_57' title='bbox 193 1001 263 1038; x_wconf 84' lang='lat' dir='ltr'>vero</span> <span class='ocrx_word' id='word_1_58' title='bbox 294 983 377 1057; x_wconf 91' lang='lat' dir='ltr'>quod</span> <span class='ocrx_word' id='word_1_59' title='bbox 408 983 438 1037; x_wconf 94' lang='lat' dir='ltr'>in</span> <span class='ocrx_word' id='word_1_60' title='bbox 467 982 524 1039; x_wconf 87' lang='lat' dir='ltr'>hac</span> <span class='ocrx_word' id='word_1_61' title='bbox 557 982 623 1055; x_wconf 89' lang='lat' dir='ltr'>ipsa</span> <span class='ocrx_word' id='word_1_62' title='bbox 655 984 779 1055; x_wconf 79' lang='lat' dir='ltr'>regione</span> <span class='ocrx_word' id='word_1_63' title='bbox 801 1001 904 1049; x_wconf 46' lang='lat' dir='ltr'>,novas</span> <span class='ocrx_word' id='word_1_64' title='bbox 928 983 1067 1040; x_wconf 86' lang='lat' dir='ltr'>Athenas</span> <span class='ocrx_word' id='word_1_65' title='bbox 1099 986 1243 1043; x_wconf 88' lang='lat' dir='ltr'>condidit</span> 
     </span>
     <span class='ocr_line' id='line_1_9' title="bbox 89 1080 1242 1160; baseline 0.001 -19"><span class='ocrx_word' id='word_1_66' title='bbox 89 1080 282 1141; x_wconf 82' lang='lat' dir='ltr'>Hadrianus?</span> <span class='ocrx_word' id='word_1_67' title='bbox 303 1085 344 1138; x_wconf 90' lang='lat' dir='ltr'>ad</span> <span class='ocrx_word' id='word_1_68' title='bbox 365 1083 482 1138; x_wconf 91' lang='lat' dir='ltr'>llissum</span> <span class='ocrx_word' id='word_1_69' title='bbox 504 1083 680 1139; x_wconf 87' lang='lat' dir='ltr'>aedificavit</span> <span class='ocrx_word' id='word_1_70' title='bbox 702 1083 903 1158; x_wconf 81' lang='lat' dir='ltr'>Olympicum,</span> <span class='ocrx_word' id='word_1_71' title='bbox 927 1103 1023 1160; x_wconf 87' lang='lat' dir='ltr'>prope</span> <span class='ocrx_word' id='word_1_72' title='bbox 1047 1088 1134 1158; x_wconf 91' lang='lat' dir='ltr'>quod</span> <span class='ocrx_word' id='word_1_73' title='bbox 1158 1085 1242 1143; x_wconf 90' lang='lat' dir='ltr'>Pan·</span> 
     </span>
     <span class='ocr_line' id='line_1_10' title="bbox 90 1184 1241 1259; baseline 0.003 -18"><span class='ocrx_word' id='word_1_74' title='bbox 90 1185 191 1242; x_wconf 81' lang='lat' dir='ltr'>iheum</span> <span class='ocrx_word' id='word_1_75' title='bbox 220 1185 293 1241; x_wconf 91' lang='lat' dir='ltr'>illud</span> <span class='ocrx_word' id='word_1_76' title='bbox 321 1185 531 1258; x_wconf 85' lang='lat' dir='ltr'>quaerendum</span> <span class='ocrx_word' id='word_1_77' title='bbox 565 1202 632 1240; x_wconf 86' lang='lat' dir='ltr'>esse</span> <span class='ocrx_word' id='word_1_78' title='bbox 656 1185 823 1259; x_wconf 86' lang='lat' dir='ltr'>Lollingius</span> <span class='ocrx_word' id='word_1_79' title='bbox 852 1184 998 1244; x_wconf 76' lang='lat' dir='ltr'>censuit‘2.</span> <span class='ocrx_word' id='word_1_80' title='bbox 1033 1188 1157 1243; x_wconf 88' lang='lat' dir='ltr'>accedit</span> <span class='ocrx_word' id='word_1_81' title='bbox 1181 1187 1241 1244; x_wconf 86' lang='lat' dir='ltr'>alia</span> 
     </span>
     <span class='ocr_line' id='line_1_11' title="bbox 90 1285 1240 1358; baseline 0.001 -16"><span class='ocrx_word' id='word_1_82' title='bbox 90 1287 303 1358; x_wconf 86' lang='lat' dir='ltr'>consideratio,</span> <span class='ocrx_word' id='word_1_83' title='bbox 334 1303 426 1358; x_wconf 92' lang='lat' dir='ltr'>quam</span> <span class='ocrx_word' id='word_1_84' title='bbox 456 1286 556 1341; x_wconf 85' lang='lat' dir='ltr'>debeo</span> <span class='ocrx_word' id='word_1_85' title='bbox 584 1285 753 1341; x_wconf 88' lang='lat' dir='ltr'>liberalitati</span> <span class='ocrx_word' id='word_1_86' title='bbox 785 1285 964 1342; x_wconf 76' lang='lat' dir='ltr'>Loeschclri.</span> <span class='ocrx_word' id='word_1_87' title='bbox 1001 1286 1058 1342; x_wconf 91' lang='lat' dir='ltr'>nisi</span> <span class='ocrx_word' id='word_1_88' title='bbox 1087 1286 1170 1343; x_wconf 92' lang='lat' dir='ltr'>enim</span> <span class='ocrx_word' id='word_1_89' title='bbox 1202 1304 1240 1343; x_wconf 84' lang='lat' dir='ltr'>ex</span> 
     </span>
     <span class='ocr_line' id='line_1_12' title="bbox 89 1387 1241 1461; baseline 0.001 -19"><span class='ocrx_word' id='word_1_90' title='bbox 89 1389 183 1443; x_wconf 87' lang='lat' dir='ltr'>altera</span> <span class='ocrx_word' id='word_1_91' title='bbox 206 1387 312 1461; x_wconf 87' lang='lat' dir='ltr'>capitis</span> <span class='ocrx_word' id='word_1_92' title='bbox 334 1396 420 1460; x_wconf 89' lang='lat' dir='ltr'>parte</span> <span class='ocrx_word' id='word_1_93' title='bbox 444 1387 692 1442; x_wconf 88' lang='lat' dir='ltr'>concludendum</span> <span class='ocrx_word' id='word_1_94' title='bbox 717 1404 785 1442; x_wconf 89' lang='lat' dir='ltr'>esse</span> <span class='ocrx_word' id='word_1_95' title='bbox 810 1388 894 1442; x_wconf 84' lang='lat' dir='ltr'>dicas</span> <span class='ocrx_word' id='word_1_96' title='bbox 919 1388 979 1442; x_wconf 88' lang='lat' dir='ltr'>iam</span> <span class='ocrx_word' id='word_1_97' title='bbox 1002 1387 1074 1443; x_wconf 92' lang='lat' dir='ltr'>olim</span> <span class='ocrx_word' id='word_1_98' title='bbox 1096 1388 1137 1443; x_wconf 91' lang='lat' dir='ltr'>de</span> <span class='ocrx_word' id='word_1_99' title='bbox 1158 1387 1241 1444; x_wconf 85' lang='lat' dir='ltr'>oliva</span> 
     </span>
     <span class='ocr_line' id='line_1_13' title="bbox 89 1487 1240 1564; baseline 0 -20"><span class='ocrx_word' id='word_1_100' title='bbox 89 1490 221 1564; x_wconf 90' lang='lat' dir='ltr'>quadam</span> <span class='ocrx_word' id='word_1_101' title='bbox 245 1488 285 1544; x_wconf 91' lang='lat' dir='ltr'>ad</span> <span class='ocrx_word' id='word_1_102' title='bbox 307 1487 424 1543; x_wconf 90' lang='lat' dir='ltr'>llissum</span> <span class='ocrx_word' id='word_1_103' title='bbox 446 1496 600 1544; x_wconf 88' lang='lat' dir='ltr'>narratam</span> <span class='ocrx_word' id='word_1_104' title='bbox 624 1505 692 1544; x_wconf 87' lang='lat' dir='ltr'>esse</span> <span class='ocrx_word' id='word_1_105' title='bbox 716 1488 796 1543; x_wconf 91' lang='lat' dir='ltr'>illam</span> <span class='ocrx_word' id='word_1_106' title='bbox 821 1487 954 1545; x_wconf 85' lang='lat' dir='ltr'>fabulam</span> <span class='ocrx_word' id='word_1_107' title='bbox 973 1488 1146 1544; x_wconf 78' lang='lat' dir='ltr'>-aliunde</span> <span class='ocrx_word' id='word_1_108' title='bbox 1172 1489 1240 1562; x_wconf 91' lang='lat' dir='ltr'>qui·</span> 
     </span>
     <span class='ocr_line' id='line_1_14' title="bbox 89 1589 1240 1664; baseline 0.002 -19"><span class='ocrx_word' id='word_1_109' title='bbox 89 1592 160 1646; x_wconf 91' lang='lat' dir='ltr'>dem</span> <span class='ocrx_word' id='word_1_110' title='bbox 182 1606 242 1645; x_wconf 92' lang='lat' dir='ltr'>non</span> <span class='ocrx_word' id='word_1_111' title='bbox 266 1597 314 1644; x_wconf 89' lang='lat' dir='ltr'>est</span> <span class='ocrx_word' id='word_1_112' title='bbox 335 1597 410 1644; x_wconf 90' lang='lat' dir='ltr'>nota</span> <span class='ocrx_word' id='word_1_113' title='bbox 426 1622 474 1657; x_wconf 85' lang='grc'>-,</span> <span class='ocrx_word' id='word_1_114' title='bbox 498 1606 559 1663; x_wconf 92' lang='lat' dir='ltr'>quo</span> <span class='ocrx_word' id='word_1_115' title='bbox 583 1591 677 1645; x_wconf 92' lang='lat' dir='ltr'>modo</span> <span class='ocrx_word' id='word_1_116' title='bbox 702 1589 852 1646; x_wconf 87' lang='lat' dir='ltr'>Hadriani</span> <span class='ocrx_word' id='word_1_117' title='bbox 876 1590 1063 1663; x_wconf 85' lang='lat' dir='ltr'>temporibus</span> <span class='ocrx_word' id='word_1_118' title='bbox 1087 1590 1159 1645; x_wconf 91' lang='lat' dir='ltr'>oriri</span> <span class='ocrx_word' id='word_1_119' title='bbox 1180 1608 1240 1664; x_wconf 94' lang='lat' dir='ltr'>po-</span> 
     </span>
     <span class='ocr_line' id='line_1_15' title="bbox 89 1688 1239 1764; baseline 0.002 -18"><span class='ocrx_word' id='word_1_120' title='bbox 89 1692 188 1758; x_wconf 88' lang='lat' dir='ltr'>tuerit,</span> <span class='ocrx_word' id='word_1_121' title='bbox 211 1698 306 1764; x_wconf 90' lang='lat' dir='ltr'>patet.</span> <span class='ocrx_word' id='word_1_122' title='bbox 339 1688 387 1743; x_wconf 90' lang='lat' dir='ltr'>ille</span> <span class='ocrx_word' id='word_1_123' title='bbox 412 1690 491 1744; x_wconf 87' lang='lat' dir='ltr'>onim</span> <span class='ocrx_word' id='word_1_124' title='bbox 510 1690 637 1757; x_wconf 86' lang='lat' dir='ltr'>studuit,</span> <span class='ocrx_word' id='word_1_125' title='bbox 660 1699 692 1745; x_wconf 92' lang='lat' dir='ltr'>ut</span> <span class='ocrx_word' id='word_1_126' title='bbox 716 1690 817 1746; x_wconf 91' lang='lat' dir='ltr'>omnia</span> <span class='ocrx_word' id='word_1_127' title='bbox 842 1707 921 1763; x_wconf 89' lang='lat' dir='ltr'>quae</span> <span class='ocrx_word' id='word_1_128' title='bbox 944 1691 1084 1747; x_wconf 87' lang='lat' dir='ltr'>condidit</span> <span class='ocrx_word' id='word_1_129' title='bbox 1108 1691 1239 1754; x_wconf 86' lang='lat' dir='ltr'>Athenis</span> 
     </span>
     <span class='ocr_line' id='line_1_16' title="bbox 89 1786 1238 1864; baseline 0 -16"><span class='ocrx_word' id='word_1_130' title='bbox 89 1792 288 1864; x_wconf 80' lang='lat' dir='ltr'>coniungeret</span> <span class='ocrx_word' id='word_1_131' title='bbox 310 1807 377 1846; x_wconf 91' lang='lat' dir='ltr'>curu</span> <span class='ocrx_word' id='word_1_132' title='bbox 394 1787 548 1864; x_wconf 72' lang='lat' dir='ltr'>Olympia:</span> <span class='ocrx_word' id='word_1_133' title='bbox 573 1792 615 1846; x_wconf 90' lang='lat' dir='ltr'>sic</span> <span class='ocrx_word' id='word_1_134' title='bbox 636 1786 760 1864; x_wconf 83' lang='grc' dir='ltr'>Κρόνου</span> <span class='ocrx_word' id='word_1_135' title='bbox 785 1791 932 1864; x_wconf 89' lang='lat' dir='ltr'>templum</span> <span class='ocrx_word' id='word_1_136' title='bbox 957 1792 1185 1849; x_wconf 88' lang='lat' dir='ltr'>aedificandum</span> <span class='ocrx_word' id='word_1_137' title='bbox 1206 1800 1238 1848; x_wconf 89' lang='lat' dir='ltr'>et</span> 
     </span>
     <span class='ocr_line' id='line_1_17' title="bbox 87 1891 1236 1965; baseline 0.001 -17"><span class='ocrx_word' id='word_1_138' title='bbox 87 1893 165 1949; x_wconf 88' lang='lat' dir='ltr'>Iovis</span> <span class='ocrx_word' id='word_1_139' title='bbox 192 1892 381 1947; x_wconf 87' lang='lat' dir='ltr'>simulacrum</span> <span class='ocrx_word' id='word_1_140' title='bbox 411 1891 536 1965; x_wconf 89' lang='lat' dir='ltr'>antiquo</span> <span class='ocrx_word' id='word_1_141' title='bbox 564 1909 647 1947; x_wconf 89' lang='lat' dir='ltr'>more</span> <span class='ocrx_word' id='word_1_142' title='bbox 675 1909 712 1947; x_wconf 85' lang='lat' dir='ltr'>ex</span> <span class='ocrx_word' id='word_1_143' title='bbox 736 1892 828 1947; x_wconf 91' lang='lat' dir='ltr'>ebore</span> <span class='ocrx_word' id='word_1_144' title='bbox 857 1900 888 1947; x_wconf 88' lang='lat' dir='ltr'>et</span> <span class='ocrx_word' id='word_1_145' title='bbox 912 1910 986 1947; x_wconf 88' lang='lat' dir='ltr'>auro</span> <span class='ocrx_word' id='word_1_146' title='bbox 1010 1891 1236 1949; x_wconf 88' lang='lat' dir='ltr'>conficiendum</span> 
     </span>
     <span class='ocr_line' id='line_1_18' title="bbox 89 1988 1236 2067; baseline -0.003 -15"><span class='ocrx_word' id='word_1_147' title='bbox 89 1988 230 2052; x_wconf 66' lang='lat' dir='ltr'>curavitss.</span> <span class='ocrx_word' id='word_1_148' title='bbox 261 2009 320 2064; x_wconf 88' lang='lat' dir='ltr'>qua</span> <span class='ocrx_word' id='word_1_149' title='bbox 343 2008 374 2044; x_wconf 88' lang='lat' dir='ltr'>re</span> <span class='ocrx_word' id='word_1_150' title='bbox 398 1991 526 2063; x_wconf 83' lang='lat' dir='ltr'>cogitari</span> <span class='ocrx_word' id='word_1_151' title='bbox 548 2000 652 2065; x_wconf 91' lang='lat' dir='ltr'>potest</span> <span class='ocrx_word' id='word_1_152' title='bbox 675 2010 746 2047; x_wconf 90' lang='lat' dir='ltr'>eum</span> <span class='ocrx_word' id='word_1_153' title='bbox 770 1992 828 2047; x_wconf 86' lang='lat' dir='ltr'>hac</span> <span class='ocrx_word' id='word_1_154' title='bbox 853 1990 958 2048; x_wconf 86' lang='lat' dir='ltr'>fabula</span> <span class='ocrx_word' id='word_1_155' title='bbox 981 2009 1067 2048; x_wconf 91' lang='lat' dir='ltr'>usum</span> <span class='ocrx_word' id='word_1_156' title='bbox 1092 2009 1172 2067; x_wconf 86' lang='lat' dir='ltr'>esse,</span> <span class='ocrx_word' id='word_1_157' title='bbox 1204 2000 1236 2049; x_wconf 87' lang='lat' dir='ltr'>ut</span> 
     </span>
     <span class='ocr_line' id='line_1_19' title="bbox 89 2091 1236 2168; baseline -0.003 -15"><span class='ocrx_word' id='word_1_158' title='bbox 89 2097 266 2153; x_wconf 84' lang='lat' dir='ltr'>ostenderet</span> <span class='ocrx_word' id='word_1_159' title='bbox 291 2091 382 2146; x_wconf 89' lang='lat' dir='ltr'>etiam</span> <span class='ocrx_word' id='word_1_160' title='bbox 403 2091 481 2147; x_wconf 87' lang='lat' dir='ltr'>inter</span> <span class='ocrx_word' id='word_1_161' title='bbox 497 2092 606 2149; x_wconf 90' lang='lat' dir='ltr'>olivam</span> <span class='ocrx_word' id='word_1_162' title='bbox 622 2091 751 2149; x_wconf 88' lang='lat' dir='ltr'>Panthei</span> <span class='ocrx_word' id='word_1_163' title='bbox 773 2093 819 2148; x_wconf 91' lang='lat' dir='ltr'>sui</span> <span class='ocrx_word' id='word_1_164' title='bbox 842 2102 874 2149; x_wconf 90' lang='lat' dir='ltr'>et</span> <span class='ocrx_word' id='word_1_165' title='bbox 897 2093 1060 2149; x_wconf 87' lang='lat' dir='ltr'>oleastrum</span> <span class='ocrx_word' id='word_1_166' title='bbox 1079 2091 1236 2168; x_wconf 88' lang='lat' dir='ltr'>Olympia·</span> 
     </span>
     <span class='ocr_line' id='line_1_20' title="bbox 88 2192 1233 2268; baseline -0.002 -15"><span class='ocrx_word' id='word_1_167' title='bbox 88 2215 156 2253; x_wconf 91' lang='lat' dir='ltr'>cum</span> <span class='ocrx_word' id='word_1_168' title='bbox 184 2193 372 2250; x_wconf 87' lang='lat' dir='ltr'>intercedere</span> <span class='ocrx_word' id='word_1_169' title='bbox 402 2192 534 2266; x_wconf 88' lang='lat' dir='ltr'>aliquam</span> <span class='ocrx_word' id='word_1_170' title='bbox 565 2195 823 2251; x_wconf 87' lang='lat' dir='ltr'>necessitudinem</span> <span class='ocrx_word' id='word_1_171' title='bbox 851 2202 882 2249; x_wconf 88' lang='lat' dir='ltr'>et</span> <span class='ocrx_word' id='word_1_172' title='bbox 911 2212 1070 2251; x_wconf 84' lang='lat' dir='ltr'>conexum.</span> <span class='ocrx_word' id='word_1_173' title='bbox 1106 2211 1186 2268; x_wconf 89' lang='lat' dir='ltr'>quae</span> <span class='ocrx_word' id='word_1_174' title='bbox 1210 2195 1233 2251; x_wconf 91' lang='lat' dir='ltr'>si</span> 
     </span>
     <span class='ocr_line' id='line_1_21' title="bbox 88 2293 1233 2369; baseline -0.002 -15"><span class='ocrx_word' id='word_1_175' title='bbox 88 2316 150 2354; x_wconf 92' lang='lat' dir='ltr'>non</span> <span class='ocrx_word' id='word_1_176' title='bbox 178 2297 242 2351; x_wconf 91' lang='lat' dir='ltr'>sine</span> <span class='ocrx_word' id='word_1_177' title='bbox 269 2294 332 2350; x_wconf 90' lang='lat' dir='ltr'>veri</span> <span class='ocrx_word' id='word_1_178' title='bbox 358 2293 553 2351; x_wconf 90' lang='lat' dir='ltr'>similitudine</span> <span class='ocrx_word' id='word_1_179' title='bbox 580 2296 682 2369; x_wconf 85' lang='lat' dir='ltr'>statui,</span> <span class='ocrx_word' id='word_1_180' title='bbox 712 2303 782 2369; x_wconf 91' lang='lat' dir='ltr'>post</span> <span class='ocrx_word' id='word_1_181' title='bbox 815 2295 1006 2352; x_wconf 88' lang='lat' dir='ltr'>Hadrianum</span> <span class='ocrx_word' id='word_1_182' title='bbox 1036 2297 1162 2352; x_wconf 90' lang='lat' dir='ltr'>demum</span> <span class='ocrx_word' id='word_1_183' title='bbox 1191 2297 1233 2352; x_wconf 90' lang='lat' dir='ltr'>in·</span> 
     </span>
     <span class='ocr_line' id='line_1_22' title="bbox 88 2394 1232 2470; baseline -0.003 -15"><span class='ocrx_word' id='word_1_184' title='bbox 88 2406 166 2455; x_wconf 90' lang='lat' dir='ltr'>serta</span> <span class='ocrx_word' id='word_1_185' title='bbox 189 2405 258 2452; x_wconf 87' lang='lat' dir='ltr'>sunt</span> <span class='ocrx_word' id='word_1_186' title='bbox 280 2394 381 2468; x_wconf 89' lang='lat' dir='ltr'>capita</span> <span class='ocrx_word' id='word_1_187' title='bbox 397 2396 530 2470; x_wconf 83' lang='lat'>51—60,</span> <span class='ocrx_word' id='word_1_188' title='bbox 554 2396 703 2469; x_wconf 89' lang='lat' dir='ltr'>simulque</span> <span class='ocrx_word' id='word_1_189' title='bbox 731 2396 843 2452; x_wconf 89' lang='lat' dir='ltr'>rectius</span> <span class='ocrx_word' id='word_1_190' title='bbox 869 2395 1019 2452; x_wconf 88' lang='lat' dir='ltr'>iudicabis</span> <span class='ocrx_word' id='word_1_191' title='bbox 1040 2397 1080 2452; x_wconf 88' lang='lat' dir='ltr'>de</span> <span class='ocrx_word' id='word_1_192' title='bbox 1098 2394 1232 2453; x_wconf 92' lang='lat' dir='ltr'>Pseudo-</span> 
     </span>
     <span class='ocr_line' id='line_1_23' title="bbox 88 2494 1231 2571; baseline 0.001 -16"><span class='ocrx_word' id='word_1_193' title='bbox 88 2499 214 2556; x_wconf 86' lang='lat' dir='ltr'>sotionis</span> <span class='ocrx_word' id='word_1_194' title='bbox 236 2497 414 2553; x_wconf 89' lang='lat' dir='ltr'>mirabilium</span> <span class='ocrx_word' id='word_1_195' title='bbox 436 2514 534 2553; x_wconf 87' lang='lat' dir='ltr'>rerum</span> <span class='ocrx_word' id='word_1_196' title='bbox 558 2494 737 2571; x_wconf 79' lang='lat' dir='ltr'>scriptoris4</span> <span class='ocrx_word' id='word_1_197' title='bbox 759 2507 870 2557; x_wconf 89' lang='lat' dir='ltr'>aetate.</span> <span class='ocrx_word' id='word_1_198' title='bbox 907 2498 958 2571; x_wconf 93' lang='lat' dir='ltr'>qui</span> <span class='ocrx_word' id='word_1_199' title='bbox 981 2497 1073 2554; x_wconf 89' lang='lat' dir='ltr'>libelli</span> <span class='ocrx_word' id='word_1_200' title='bbox 1096 2499 1142 2555; x_wconf 89' lang='lat' dir='ltr'>sui</span> <span class='ocrx_word' id='word_1_201' title='bbox 1167 2517 1192 2556; x_wconf 92' lang='lat' dir='ltr'>c.</span> <span class='ocrx_word' id='word_1_202' title='bbox 1216 2497 1231 2556; x_wconf 79' lang='grc'><strong>7</strong></span> 
     </span>
     <span class='ocr_line' id='line_1_24' title="bbox 88 2594 1232 2673; baseline -0.001 -17"><span class='ocrx_word' id='word_1_203' title='bbox 88 2599 214 2673; x_wconf 87' lang='lat' dir='ltr'>sumpsit</span> <span class='ocrx_word' id='word_1_204' title='bbox 237 2616 275 2653; x_wconf 87' lang='lat' dir='ltr'>ex</span> <span class='ocrx_word' id='word_1_205' title='bbox 296 2598 359 2656; x_wconf 90' lang='lat' dir='ltr'>mir.</span> <span class='ocrx_word' id='word_1_206' title='bbox 383 2615 463 2653; x_wconf 87' lang='lat' dir='ltr'>ausc.</span> <span class='ocrx_word' id='word_1_207' title='bbox 488 2615 513 2656; x_wconf 90' lang='lat' dir='ltr'>c.</span> <span class='ocrx_word' id='word_1_208' title='bbox 537 2599 575 2656; x_wconf 83' lang='lat'>56</span> <span class='ocrx_word' id='word_1_209' title='bbox 590 2594 609 2657; x_wconf 75' lang='lat'>5.</span> <span class='ocrx_word' id='word_1_210' title='bbox 637 2599 754 2655; x_wconf 88' lang='lat' dir='ltr'>videtur</span> <span class='ocrx_word' id='word_1_211' title='bbox 776 2599 866 2672; x_wconf 85' lang='lat' dir='ltr'>igitur</span> <span class='ocrx_word' id='word_1_212' title='bbox 895 2599 1052 2672; x_wconf 86' lang='lat' dir='ltr'>scripsisse</span> <span class='ocrx_word' id='word_1_213' title='bbox 1075 2615 1140 2656; x_wconf 90' lang='lat' dir='ltr'>non</span> <span class='ocrx_word' id='word_1_214' title='bbox 1164 2606 1232 2656; x_wconf 83' lang='lat' dir='ltr'>ante</span> 
     </span>
     <span class='ocr_line' id='line_1_25' title="bbox 88 2698 1234 2774; baseline -0.003 -16"><span class='ocrx_word' id='word_1_215' title='bbox 88 2703 177 2759; x_wconf 84' lang='lat' dir='ltr'>finem</span> <span class='ocrx_word' id='word_1_216' title='bbox 206 2700 317 2756; x_wconf 86' lang='lat' dir='ltr'>saeculi</span> <span class='ocrx_word' id='word_1_217' title='bbox 345 2699 472 2756; x_wconf 90' lang='lat' dir='ltr'>secundi</span> <span class='ocrx_word' id='word_1_218' title='bbox 500 2718 528 2774; x_wconf 93' lang='lat' dir='ltr'>p.</span> <span class='ocrx_word' id='word_1_219' title='bbox 556 2698 624 2759; x_wconf 90' lang='lat' dir='ltr'>Chr.</span> <span class='ocrx_word' id='word_1_220' title='bbox 648 2719 676 2759; x_wconf 91' lang='lat' dir='ltr'>n.</span> <span class='ocrx_word' id='word_1_221' title='bbox 709 2718 763 2774; x_wconf 94' lang='lat' dir='ltr'>pro</span> <span class='ocrx_word' id='word_1_222' title='bbox 791 2708 876 2755; x_wconf 88' lang='lat' dir='ltr'>certo</span> <span class='ocrx_word' id='word_1_223' title='bbox 910 2707 1014 2756; x_wconf 91' lang='lat' dir='ltr'>autem</span> <span class='ocrx_word' id='word_1_224' title='bbox 1041 2698 1142 2771; x_wconf 77' lang='lat' dir='ltr'>habeo</span> <span class='ocrx_word' id='word_1_225' title='bbox 1172 2717 1234 2757; x_wconf 91' lang='lat' dir='ltr'>non</span> 
     </span>
     <span class='ocr_line' id='line_1_26' title="bbox 87 2794 1236 2876; baseline -0.002 -17"><span class='ocrx_word' id='word_1_226' title='bbox 87 2803 189 2859; x_wconf 92' lang='lat' dir='ltr'>omnia</span> <span class='ocrx_word' id='word_1_227' title='bbox 218 2818 298 2876; x_wconf 88' lang='lat' dir='ltr'>quae</span> <span class='ocrx_word' id='word_1_228' title='bbox 322 2800 353 2855; x_wconf 92' lang='lat' dir='ltr'>in</span> <span class='ocrx_word' id='word_1_229' title='bbox 380 2800 443 2856; x_wconf 91' lang='lat' dir='ltr'>eius</span> <span class='ocrx_word' id='word_1_230' title='bbox 472 2801 572 2856; x_wconf 90' lang='lat' dir='ltr'>libello</span> <span class='ocrx_word' id='word_1_231' title='bbox 599 2802 727 2876; x_wconf 88' lang='lat' dir='ltr'>legimus</span> <span class='ocrx_word' id='word_1_232' title='bbox 755 2819 793 2856; x_wconf 85' lang='lat' dir='ltr'>ex</span> <span class='ocrx_word' id='word_1_233' title='bbox 821 2802 957 2857; x_wconf 89' lang='lat' dir='ltr'>secundo</span> <span class='ocrx_word' id='word_1_234' title='bbox 986 2794 1127 2860; x_wconf 78' lang='grc' dir='ltr'>ἀπίετων</span> <span class='ocrx_word' id='word_1_235' title='bbox 1159 2801 1236 2857; x_wconf 87' lang='lat' dir='ltr'>libro</span> 
     </span>
     <span class='ocr_line' id='line_1_27' title="bbox 86 2897 1234 2978; baseline -0.002 -18"><span class='ocrx_word' id='word_1_236' title='bbox 86 2903 197 2978; x_wconf 84' lang='lat' dir='ltr'>Isigoni</span> <span class='ocrx_word' id='word_1_237' title='bbox 220 2920 289 2959; x_wconf 90' lang='lat' dir='ltr'>esse</span> <span class='ocrx_word' id='word_1_238' title='bbox 311 2911 454 2976; x_wconf 87' lang='lat' dir='ltr'>excerpta</span> <span class='ocrx_word' id='word_1_239' title='bbox 466 2897 488 2960; x_wconf 81' lang='lat'>⁶.</span> <span class='ocrx_word' id='word_1_240' title='bbox 524 2920 577 2959; x_wconf 90' lang='lat' dir='ltr'>cur</span> <span class='ocrx_word' id='word_1_241' title='bbox 599 2903 680 2958; x_wconf 90' lang='lat' dir='ltr'>enim</span> <span class='ocrx_word' id='word_1_242' title='bbox 703 2910 872 2976; x_wconf 81' lang='lat' dir='ltr'>excerptor,</span> <span class='ocrx_word' id='word_1_243' title='bbox 902 2910 937 2957; x_wconf 91' lang='lat' dir='ltr'>ut</span> <span class='ocrx_word' id='word_1_244' title='bbox 959 2903 1128 2958; x_wconf 85' lang='lat' dir='ltr'>concedam</span> <span class='ocrx_word' id='word_1_245' title='bbox 1153 2910 1234 2958; x_wconf 91' lang='lat' dir='ltr'>cete·</span> 
     </span>
     <span class='ocr_line' id='line_1_28' title="bbox 85 3002 1233 3078; baseline -0.002 -17"><span class='ocrx_word' id='word_1_246' title='bbox 85 3022 186 3061; x_wconf 91' lang='lat' dir='ltr'>rorum</span> <span class='ocrx_word' id='word_1_247' title='bbox 214 3012 371 3060; x_wconf 91' lang='lat' dir='ltr'>auctorum</span> <span class='ocrx_word' id='word_1_248' title='bbox 398 3003 522 3059; x_wconf 89' lang='lat' dir='ltr'>nomina</span> <span class='ocrx_word' id='word_1_249' title='bbox 550 3004 633 3076; x_wconf 87' lang='lat' dir='ltr'>apud</span> <span class='ocrx_word' id='word_1_250' title='bbox 659 3003 815 3076; x_wconf 81' lang='lat' dir='ltr'>isigonum</span> <span class='ocrx_word' id='word_1_251' title='bbox 843 3004 980 3078; x_wconf 85' lang='lat' dir='ltr'>potuisse</span> <span class='ocrx_word' id='word_1_252' title='bbox 1002 3002 1140 3069; x_wconf 86' lang='lat' dir='ltr'>inveniri,</span> <span class='ocrx_word' id='word_1_253' title='bbox 1169 3020 1233 3059; x_wconf 90' lang='lat' dir='ltr'>non</span> 
     </span>
     <span class='ocr_line' id='line_1_29' title="bbox 86 3103 1235 3181; baseline -0.001 -18"><span class='ocrx_word' id='word_1_254' title='bbox 86 3124 213 3181; x_wconf 86' lang='lat' dir='ltr'>semper,</span> <span class='ocrx_word' id='word_1_255' title='bbox 237 3105 288 3161; x_wconf 92' lang='lat' dir='ltr'>uhi</span> <span class='ocrx_word' id='word_1_256' title='bbox 309 3105 420 3160; x_wconf 91' lang='lat' dir='ltr'>nullum</span> <span class='ocrx_word' id='word_1_257' title='bbox 444 3104 558 3160; x_wconf 86' lang='lat' dir='ltr'>invenit</span> <span class='ocrx_word' id='word_1_258' title='bbox 578 3122 700 3172; x_wconf 86' lang='lat' dir='ltr'>nomen,</span> <span class='ocrx_word' id='word_1_259' title='bbox 724 3104 837 3178; x_wconf 85' lang='lat' dir='ltr'>isigoni</span> <span class='ocrx_word' id='word_1_260' title='bbox 869 3105 1022 3178; x_wconf 91' lang='lat' dir='ltr'>adposuit,</span> <span class='ocrx_word' id='word_1_261' title='bbox 1046 3103 1151 3160; x_wconf 91' lang='lat' dir='ltr'>curin</span> <span class='ocrx_word' id='word_1_262' title='bbox 1175 3114 1235 3162; x_wconf 86' lang='lat' dir='ltr'>tre·</span> 
     </span>
     <span class='ocr_line' id='line_1_30' title="bbox 87 3202 1195 3282; baseline -0.004 -18"><span class='ocrx_word' id='word_1_263' title='bbox 87 3208 186 3264; x_wconf 91' lang='lat' dir='ltr'>decim</span> <span class='ocrx_word' id='word_1_264' title='bbox 210 3206 359 3280; x_wconf 88' lang='lat' dir='ltr'>capitibus</span> <span class='ocrx_word' id='word_1_265' title='bbox 383 3205 513 3261; x_wconf 89' lang='lat' dir='ltr'>auctoris</span> <span class='ocrx_word' id='word_1_266' title='bbox 537 3221 649 3260; x_wconf 90' lang='lat' dir='ltr'>nomen</span> <span class='ocrx_word' id='word_1_267' title='bbox 668 3206 792 3262; x_wconf 89' lang='lat' dir='ltr'>omnino</span> <span class='ocrx_word' id='word_1_268' title='bbox 816 3202 937 3262; x_wconf 80' lang='lat' dir='ltr'>omisit?</span> <span class='ocrx_word' id='word_1_269' title='bbox 1191 3273 1195 3282; x_wconf 25' lang='grc' dir='ltr'>ἱ</span> 
     </span>
     <span class='ocr_line' id='line_1_31' title="bbox 186 3306 1232 3379; baseline -0.001 -14"><span class='ocrx_word' id='word_1_270' title='bbox 186 3308 248 3365; x_wconf 89' lang='lat' dir='ltr'>Sed</span> <span class='ocrx_word' id='word_1_271' title='bbox 271 3308 363 3362; x_wconf 90' lang='lat' dir='ltr'>redeo</span> <span class='ocrx_word' id='word_1_272' title='bbox 387 3307 469 3361; x_wconf 90' lang='lat' dir='ltr'>unde</span> <span class='ocrx_word' id='word_1_273' title='bbox 491 3307 636 3362; x_wconf 86' lang='lat' dir='ltr'>aberravi.</span> <span class='ocrx_word' id='word_1_274' title='bbox 660 3314 755 3363; x_wconf 87' lang='lat' dir='ltr'>restat</span> <span class='ocrx_word' id='word_1_275' title='bbox 779 3316 812 3362; x_wconf 93' lang='lat' dir='ltr'>ut</span> <span class='ocrx_word' id='word_1_276' title='bbox 835 3308 865 3362; x_wconf 94' lang='lat' dir='ltr'>in</span> <span class='ocrx_word' id='word_1_277' title='bbox 889 3306 997 3362; x_wconf 89' lang='lat' dir='ltr'>ceteris</span> <span class='ocrx_word' id='word_1_278' title='bbox 1021 3323 1144 3379; x_wconf 91' lang='lat' dir='ltr'>quoque</span> <span class='ocrx_word' id='word_1_279' title='bbox 1167 3306 1232 3365; x_wconf 91' lang='lat' dir='ltr'>mir.</span> 
     </span>
     <span class='ocr_line' id='line_1_32' title="bbox 88 3407 1232 3483; baseline -0.004 -16"><span class='ocrx_word' id='word_1_280' title='bbox 88 3428 168 3467; x_wconf 89' lang='lat' dir='ltr'>ausc.</span> <span class='ocrx_word' id='word_1_281' title='bbox 189 3409 337 3483; x_wconf 90' lang='lat' dir='ltr'>capitibus</span> <span class='ocrx_word' id='word_1_282' title='bbox 361 3407 441 3463; x_wconf 92' lang='lat' dir='ltr'>illum</span> <span class='ocrx_word' id='word_1_283' title='bbox 464 3415 675 3479; x_wconf 82' lang='lat' dir='ltr'>excerptorum</span> <span class='ocrx_word' id='word_1_284' title='bbox 698 3408 836 3464; x_wconf 90' lang='lat' dir='ltr'>ordinem</span> <span class='ocrx_word' id='word_1_285' title='bbox 861 3415 1013 3464; x_wconf 89' lang='lat' dir='ltr'>servatum</span> <span class='ocrx_word' id='word_1_286' title='bbox 1037 3423 1105 3462; x_wconf 88' lang='lat' dir='ltr'>esse</span> <span class='ocrx_word' id='word_1_287' title='bbox 1130 3415 1232 3463; x_wconf 91' lang='lat' dir='ltr'>osten·</span> 
     </span>
    </p>
   </div>
   <div class='ocr_carea' id='block_1_3' title="bbox 84 3630 1235 4410">
    <p class='ocr_par' dir='ltr' id='par_1_3' title="bbox 185 3630 706 3694">
     <span class='ocr_line' id='line_1_33' title="bbox 185 3630 706 3694; baseline -0.002 -11"><span class='ocrx_word' id='word_1_288' title='bbox 185 3631 195 3667; x_wconf 78' lang='lat'><strong>¹</strong></span> <span class='ocrx_word' id='word_1_289' title='bbox 214 3635 284 3683; x_wconf 91' lang='lat' dir='ltr'>idern</span> <span class='ocrx_word' id='word_1_290' title='bbox 306 3633 395 3681; x_wconf 88' lang='lat' dir='ltr'>statuit</span> <span class='ocrx_word' id='word_1_291' title='bbox 413 3631 541 3680; x_wconf 91' lang='lat' dir='ltr'>Iordanus</span> <span class='ocrx_word' id='word_1_292' title='bbox 560 3631 578 3682; x_wconf 91' lang='lat' dir='ltr'>l.</span> <span class='ocrx_word' id='word_1_293' title='bbox 596 3630 613 3681; x_wconf 88' lang='lat' dir='ltr'>l.</span> <span class='ocrx_word' id='word_1_294' title='bbox 635 3647 661 3694; x_wconf 89' lang='lat' dir='ltr'>p.</span> <span class='ocrx_word' id='word_1_295' title='bbox 682 3631 706 3682; x_wconf 77' lang='lat' dir='ltr'>l.</span> 
     </span>
    </p>

    <p class='ocr_par' dir='ltr' id='par_1_4' title="bbox 184 3717 975 3786">
     <span class='ocr_line' id='line_1_34' title="bbox 184 3717 975 3786; baseline -0.005 -12"><span class='ocrx_word' id='word_1_296' title='bbox 184 3719 304 3774; x_wconf 79' lang='lat' dir='ltr'>2Inrrnn&#39;</span> <span class='ocrx_word' id='word_1_297' title='bbox 322 3719 448 3772; x_wconf 82' lang='lat' dir='ltr'>Muelleri</span> <span class='ocrx_word' id='word_1_298' title='bbox 468 3717 604 3786; x_wconf 77' lang='lat' dir='ltr'>compend.</span> <span class='ocrx_word' id='word_1_299' title='bbox 621 3717 716 3784; x_wconf 81' lang='lat' dir='ltr'>philol.</span> <span class='ocrx_word' id='word_1_300' title='bbox 736 3721 777 3768; x_wconf 90' lang='grc' dir='ltr'>ΠΙ</span> <span class='ocrx_word' id='word_1_301' title='bbox 797 3737 821 3784; x_wconf 88' lang='lat' dir='ltr'>p.</span> <span class='ocrx_word' id='word_1_302' title='bbox 841 3718 894 3772; x_wconf 67' lang='lat'>329</span> <span class='ocrx_word' id='word_1_303' title='bbox 916 3719 975 3770; x_wconf 88' lang='lat' dir='ltr'>adn.</span> 
     </span>
    </p>

    <p class='ocr_par' dir='ltr' id='par_1_5' title="bbox 185 3807 589 3873">
     <span class='ocr_line' id='line_1_35' title="bbox 185 3807 589 3873; baseline -0.002 -14"><span class='ocrx_word' id='word_1_304' title='bbox 185 3807 248 3861; x_wconf 79' lang='lat' dir='ltr'>3cf.</span> <span class='ocrx_word' id='word_1_305' title='bbox 268 3811 379 3860; x_wconf 90' lang='lat' dir='ltr'>Pausan.</span> <span class='ocrx_word' id='word_1_306' title='bbox 398 3811 412 3857; x_wconf 91' lang='lat'>1</span> <span class='ocrx_word' id='word_1_307' title='bbox 434 3807 475 3867; x_wconf 87' lang='grc'>18,</span> <span class='ocrx_word' id='word_1_308' title='bbox 495 3808 511 3860; x_wconf 82' lang='lat' dir='ltr'>li</span> <span class='ocrx_word' id='word_1_309' title='bbox 532 3825 589 3873; x_wconf 92' lang='lat' dir='ltr'>sqq.</span> 
     </span>
    </p>

    <p class='ocr_par' dir='ltr' id='par_1_6' title="bbox 183 3894 853 3962">
     <span class='ocr_line' id='line_1_36' title="bbox 183 3894 853 3962; baseline 0 -16"><span class='ocrx_word' id='word_1_310' title='bbox 183 3895 241 3946; x_wconf 79' lang='lat' dir='ltr'>4in</span> <span class='ocrx_word' id='word_1_311' title='bbox 257 3897 454 3946; x_wconf 84' lang='lat' dir='ltr'>Westermanni</span> <span class='ocrx_word' id='word_1_312' title='bbox 471 3894 658 3962; x_wconf 77' lang='lat' dir='ltr'>paradoaopr.</span> <span class='ocrx_word' id='word_1_313' title='bbox 678 3913 703 3960; x_wconf 89' lang='lat' dir='ltr'>p.</span> <span class='ocrx_word' id='word_1_314' title='bbox 724 3895 775 3948; x_wconf 87' lang='grc'>183</span> <span class='ocrx_word' id='word_1_315' title='bbox 796 3913 853 3962; x_wconf 88' lang='lat' dir='ltr'>sqq.</span> 
     </span>
    </p>

    <p class='ocr_par' dir='ltr' id='par_1_7' title="bbox 84 3982 1235 4226">
     <span class='ocr_line' id='line_1_37' title="bbox 185 3982 1235 4049; baseline 0 -16"><span class='ocrx_word' id='word_1_316' title='bbox 185 3983 196 4019; x_wconf 83' lang='lat'><strong>5</strong></span> <span class='ocrx_word' id='word_1_317' title='bbox 214 3987 274 4033; x_wconf 88' lang='lat' dir='ltr'>vide</span> <span class='ocrx_word' id='word_1_318' title='bbox 293 3984 384 4033; x_wconf 89' lang='lat' dir='ltr'>ultima</span> <span class='ocrx_word' id='word_1_319' title='bbox 405 3984 497 4047; x_wconf 91' lang='lat' dir='ltr'>capitis</span> <span class='ocrx_word' id='word_1_320' title='bbox 511 3983 526 4034; x_wconf 79' lang='lat'>7</span> <span class='ocrx_word' id='word_1_321' title='bbox 540 3983 621 4032; x_wconf 88' lang='lat' dir='ltr'>verba</span> <span class='ocrx_word' id='word_1_322' title='bbox 641 3983 679 4034; x_wconf 80' lang='grc' dir='ltr'>ὥ(</span> <span class='ocrx_word' id='word_1_323' title='bbox 692 3999 758 4048; x_wconf 78' lang='grc' dir='ltr'>φηει</span> <span class='ocrx_word' id='word_1_324' title='bbox 777 3982 977 4049; x_wconf 78' lang='grc' dir='ltr'>Ἀριετοτέληε.</span> <span class='ocrx_word' id='word_1_325' title='bbox 1010 3999 1033 4035; x_wconf 89' lang='lat' dir='ltr'>c.</span> <span class='ocrx_word' id='word_1_326' title='bbox 1051 3982 1068 4034; x_wconf 85' lang='lat'>8</span> <span class='ocrx_word' id='word_1_327' title='bbox 1087 3999 1140 4032; x_wconf 92' lang='lat' dir='ltr'>non</span> <span class='ocrx_word' id='word_1_328' title='bbox 1160 3983 1235 4033; x_wconf 85' lang='lat' dir='ltr'>fluxit</span> 
     </span>
     <span class='ocr_line' id='line_1_38' title="bbox 87 4071 1235 4137; baseline -0.002 -13"><span class='ocrx_word' id='word_1_329' title='bbox 87 4092 118 4124; x_wconf 86' lang='lat' dir='ltr'>ex</span> <span class='ocrx_word' id='word_1_330' title='bbox 131 4075 187 4125; x_wconf 90' lang='lat' dir='ltr'>mir.</span> <span class='ocrx_word' id='word_1_331' title='bbox 202 4091 272 4126; x_wconf 87' lang='lat' dir='ltr'>ausc.</span> <span class='ocrx_word' id='word_1_332' title='bbox 292 4090 313 4125; x_wconf 91' lang='lat' dir='ltr'>c.</span> <span class='ocrx_word' id='word_1_333' title='bbox 326 4073 373 4126; x_wconf 76' lang='lat'>57:</span> <span class='ocrx_word' id='word_1_334' title='bbox 391 4075 501 4122; x_wconf 83' lang='lat' dir='ltr'>refertur</span> <span class='ocrx_word' id='word_1_335' title='bbox 521 4074 611 4121; x_wconf 88' lang='lat' dir='ltr'>eadem</span> <span class='ocrx_word' id='word_1_336' title='bbox 631 4089 678 4132; x_wconf 90' lang='lat' dir='ltr'>res,</span> <span class='ocrx_word' id='word_1_337' title='bbox 700 4075 747 4122; x_wconf 89' lang='lat' dir='ltr'>sed</span> <span class='ocrx_word' id='word_1_338' title='bbox 767 4089 798 4121; x_wconf 80' lang='lat' dir='ltr'>ex</span> <span class='ocrx_word' id='word_1_339' title='bbox 816 4073 925 4135; x_wconf 86' lang='lat' dir='ltr'>Isigono</span> <span class='ocrx_word' id='word_1_340' title='bbox 947 4072 1036 4136; x_wconf 88' lang='lat' dir='ltr'>paullo</span> <span class='ocrx_word' id='word_1_341' title='bbox 1056 4071 1133 4121; x_wconf 85' lang='lat' dir='ltr'>aliter</span> <span class='ocrx_word' id='word_1_342' title='bbox 1155 4080 1235 4137; x_wconf 84' lang='lat' dir='ltr'>atque</span> 
     </span>
     <span class='ocr_line' id='line_1_39' title="bbox 84 4162 924 4226; baseline 0 -14"><span class='ocrx_word' id='word_1_343' title='bbox 84 4164 197 4213; x_wconf 91' lang='lat' dir='ltr'>brevius.</span> <span class='ocrx_word' id='word_1_344' title='bbox 234 4164 304 4212; x_wconf 87' lang='lat' dir='ltr'>idern</span> <span class='ocrx_word' id='word_1_345' title='bbox 326 4171 416 4211; x_wconf 87' lang='lat' dir='ltr'>auctor</span> <span class='ocrx_word' id='word_1_346' title='bbox 436 4162 490 4210; x_wconf 87' lang='lat' dir='ltr'>sine</span> <span class='ocrx_word' id='word_1_347' title='bbox 509 4162 592 4210; x_wconf 94' lang='lat' dir='ltr'>dubio</span> <span class='ocrx_word' id='word_1_348' title='bbox 612 4162 717 4225; x_wconf 88' lang='lat' dir='ltr'>utrique</span> <span class='ocrx_word' id='word_1_349' title='bbox 737 4167 841 4226; x_wconf 87' lang='lat' dir='ltr'>praesto</span> <span class='ocrx_word' id='word_1_350' title='bbox 861 4168 924 4212; x_wconf 90' lang='lat' dir='ltr'>erat.</span> 
     </span>
    </p>

    <p class='ocr_par' dir='ltr' id='par_1_8' title="bbox 85 4247 1234 4410">
     <span class='ocr_line' id='line_1_40' title="bbox 185 4247 1234 4323; baseline -0.002 -23"><span class='ocrx_word' id='word_1_351' title='bbox 185 4247 243 4323; x_wconf 79' lang='lat' dir='ltr'>6ut</span> <span class='ocrx_word' id='word_1_352' title='bbox 270 4252 406 4300; x_wconf 89' lang='lat' dir='ltr'>contendit</span> <span class='ocrx_word' id='word_1_353' title='bbox 436 4251 544 4299; x_wconf 87' lang='lat' dir='ltr'>Roseus</span> <span class='ocrx_word' id='word_1_354' title='bbox 573 4247 665 4301; x_wconf 76' lang='lat' dir='ltr'>anecd.</span> <span class='ocrx_word' id='word_1_355' title='bbox 692 4264 781 4316; x_wconf 80' lang='lat' dir='ltr'>praec.</span> <span class='ocrx_word' id='word_1_356' title='bbox 807 4253 831 4301; x_wconf 78' lang='lat' dir='ltr'>el</span> <span class='ocrx_word' id='word_1_357' title='bbox 856 4248 1001 4315; x_wconf 73' lang='lat' dir='ltr'>praecolat.</span> <span class='ocrx_word' id='word_1_358' title='bbox 1025 4250 1053 4297; x_wconf 95' lang='lat' dir='ltr'>II</span> <span class='ocrx_word' id='word_1_359' title='bbox 1078 4248 1140 4315; x_wconf 66' lang='grc' dir='ltr'>μθ</span> <span class='ocrx_word' id='word_1_360' title='bbox 1166 4266 1234 4314; x_wconf 65' lang='lat' dir='ltr'>sqq„</span> 
     </span>
     <span class='ocr_line' id='line_1_41' title="bbox 85 4337 500 4410; baseline -0.005 -19"><span class='ocrx_word' id='word_1_361' title='bbox 85 4339 173 4391; x_wconf 81' lang='lat' dir='ltr'>Arist.</span> <span class='ocrx_word' id='word_1_362' title='bbox 195 4337 325 4405; x_wconf 77' lang='lat' dir='ltr'>Psendep.</span> <span class='ocrx_word' id='word_1_363' title='bbox 344 4356 369 4404; x_wconf 91' lang='lat' dir='ltr'>p.</span> <span class='ocrx_word' id='word_1_364' title='bbox 389 4338 442 4410; x_wconf 69' lang='grc'>’280</span> <span class='ocrx_word' id='word_1_365' title='bbox 462 4355 500 4402; x_wconf 91' lang='lat' dir='ltr'>sq.</span> 
     </span>
    </p>
   </div>
   <div class='ocr_carea' id='block_1_4' title="bbox 0 0 1332 4726">
    <p class='ocr_par' dir='ltr' id='par_1_9' title="bbox 0 0 1332 4726">
     <span class='ocr_line' id='line_1_42' title="bbox 0 0 1332 4726; baseline 0 1"><span class='ocrx_word' id='word_1_366' title='bbox 0 0 1332 4726; x_wconf 95' lang='lat' dir='ltr'> </span> 
     </span>
    </p>
   </div>
  </div>
 </body>
</html>
