2654 4726
687 184 704 238 6

226 365 353 440 Saepius
379 364 609 438 Theophrastus
633 365 663 418 in
685 363 731 418 his
755 365 795 418 de
817 344 926 437 plantis
950 363 1029 418 libris
1055 362 1177 435 respicit
1201 379 1273 418 suas

127 469 167 524 de
201 466 379 524 animalibus
414 465 697 532 commentationes
730 465 851 539 saepius
887 465 947 520 huc
982 465 1112 520 lectores
1145 463 1273 535 relegat.

126 586 219 624 unum
242 568 441 625 certissimum
464 574 548 622 extat
571 567 743 639 exemplum
765 566 834 624 hist.
851 566 890 640 pl.
907 565 951 622 lX
969 568 1018 635 17,
1043 569 1061 622 4
1084 559 1136 641 (cf.
1152 564 1274 620 Roseus

126 668 252 728 Arisioi.
275 669 415 740 Pseudep.
438 685 467 742 p.
491 661 573 743 332).
615 667 678 722 aliis
701 667 774 722 locis
798 685 873 723 sane
897 667 982 722 dicas
1006 664 1201 722 Aristotelem
1225 683 1275 720 re·

126 769 207 845 spici.
237 787 342 825 vereor
367 776 468 824 autem
491 785 530 822 ne
552 767 613 824 hoc
636 769 674 822 sit
697 785 803 841 parum
828 767 994 841 probabile.
1028 767 1084 822 etsi
1107 766 1186 822 enim
1208 783 1273 821 uon
1320 840 1324 845 Ι

125 888 290 945 numquam
314 868 520 943 Theophrasti
543 869 710 942 disputatio
733 869 848 942 pendet
877 869 915 924 ab
940 864 1135 935 Aristotele1‚
1168 876 1273 922 tamen

124 972 216 1028 ullum
238 972 347 1045 locum,
370 969 421 1024 ubi
443 969 474 1023 in
498 968 563 1024 aliis
586 968 666 1024 libris
692 970 752 1024 iam
776 978 1048 1026 commemoratum
1072 987 1139 1025 esse
1157 967 1274 1041 aliquid

125 1073 253 1148 propriis
276 1071 373 1126 verbis
396 1069 513 1137 dicitur,
544 1071 585 1126 ad
610 1069 781 1126 Aristotelis
804 1071 894 1127 libros
923 1079 1061 1144 spectare
1088 1070 1195 1143 nequit
1218 1071 1274 1124 de·

126 1173 293 1230 monstrari.
325 1188 425 1244 neque
455 1171 514 1226 hoc
547 1172 674 1244 contigit
712 1171 880 1228 Kirchnero
901 1154 927 1229 l.
951 1172 968 1226 l.
990 1191 1019 1245 p.
1045 1173 1104 1228 534
1132 1173 1172 1226 de
1203 1171 1273 1226 loco

127 1276 166 1330 de
189 1273 324 1347 causpl.
341 1272 418 1337 122,
444 1274 460 1327 2
485 1272 589 1327 adlato
614 1273 737 1328 Aristot.
759 1268 831 1346 περὶ
854 1267 1019 1343 ἀναπνοῆς
1042 1290 1067 1330 c.
1089 1275 1126 1330 14
1149 1291 1178 1346 p.
1193 1265 1272 1330 477b

127 1380 143 1433 5
168 1393 233 1449 sqq.
277 1373 417 1448 potuitne
441 1372 671 1447 Theophrastus
703 1373 751 1430 hic
782 1373 951 1446 significare
982 1374 1075 1446 ipsius
1109 1375 1147 1428 de
1170 1374 1274 1448 physi-

125 1495 229 1534 corum
252 1475 444 1550 opinionibus
470 1476 570 1548 libros,
603 1475 766 1550 inquibus
789 1476 916 1532 multum
939 1493 1009 1532 eum
1032 1475 1124 1532 fuisse
1147 1477 1177 1530 in
1201 1477 1273 1532 Em·

124 1579 254 1655 pedocle
287 1577 454 1634 refellendo
476 1577 577 1632 discas
601 1594 637 1632 ex
662 1577 822 1650 fragmenti
849 1574 921 1651 περὶ
949 1572 1118 1650 αἰεθήεειιι(
1145 1574 1196 1634 καὶ
1228 1572 1272 1635 αἰ-

127 1680 249 1752 rentur
272 1697 295 1738 c.
311 1675 351 1738 3?
382 1680 442 1734 iam
465 1679 539 1734 alius
560 1679 643 1734 locus
667 1687 776 1736 restat:
800 1680 838 1735 de
862 1697 944 1738 caus
967 1681 1006 1754 pl.
1022 1680 1049 1734 ll
1074 1680 1121 1746 17,
1145 1682 1162 1737 9
1191 1674 1273 1753 ἅπερ

129 1778 164 1840 ἐν
186 1780 254 1840 ruit
276 1775 426 1854 irrupiurr
449 1778 517 1837 roric
542 1776 758 1852 περὶτούτων
782 1774 838 1853 (sc.
856 1773 959 1860 ῑῴιυν)
982 1775 1113 1853 εἴρηται.
1145 1781 1184 1836 de
1208 1781 1274 1836 ani·

127 1882 255 1938 malibus
280 1890 343 1937 tum
366 1881 611 1936 commemoratis
640 1881 781 1937 omnibus
810 1881 941 1954 loquitur
964 1882 1057 1938 etiam
1080 1881 1272 1953 Aristoteles

126 1984 182 2038 sed
205 1983 292 2038 valde
323 1982 429 2037 dubito
459 1999 532 2036 uum
563 1982 603 2036 ad
633 1981 872 2056 intellegendam
903 1983 1085 2039 sententiam
1114 1976 1272 2056 οὔτεγὰρ

123 2077 198 2142 itm(
221 2083 289 2141 roric
311 2079 434 2142 πίνναι(
458 2077 525 2156 βίοι
548 2077 575 2140 εἰ
598 2078 637 2154 μὴ
662 2079 713 2140 διὰ
736 2079 794 2142 τὸν
823 2079 973 2157 κάρκινον
1001 2083 1150 2140 sufficiant
1179 2084 1273 2139 verba

125 2185 249 2243 Aristot.
279 2184 308 2242 h.
331 2202 357 2242 a.
380 2182 408 2236 V
431 2186 478 2249 15,
504 2183 541 2239 68
566 2201 595 2256 p.
621 2176 697 2241 547ὺ
724 2185 759 2239 16
789 2202 854 2258 sqq.
907 2180 1011 2258 ἔχουει
1039 2179 1066 2243 b’
1095 2180 1130 2242 ἐν
1159 2179 1271 2243 αὑταῑ(

125 2288 181 2358 (sc.
214 2280 245 2343 ui
277 2277 395 2359 πίνναι)
435 2279 661 2356 πιννοφιίλακα
687 2327 832 2351 ......
869 2279 907 2342 οὗ
935 2279 1170 2358 (τεριεκόμεναι
1203 2285 1272 2343 δια-

124 2381 311 2459 φθείρονται
324 2383 450 2443 Θᾶττον.
472 2384 630 2456 requirunt
646 2386 694 2441 illa
707 2384 912 2459 Theophrasti
935 2386 1029 2441 verba
1052 2386 1272 2442 accuratiorem

124 2488 163 2543 de
191 2487 351 2560 pinnarum
373 2485 454 2541 victu
478 2482 636 2560 (namhoc
652 2496 697 2542 est
716 2481 796 2560 βίοι)
819 2485 1026 2542 narrationem
1053 2487 1172 2560 qualem
1199 2487 1273 2560 legi·

123 2606 189 2644 mus
211 2587 295 2661 apud
318 2586 393 2643 Plut.
418 2588 457 2642 de
481 2587 544 2644 soll.
569 2587 658 2647 anim.
682 2606 706 2646 c.
731 2589 770 2647 30
793 2607 820 2662 p.
845 2580 934 2645 98012.
973 2588 1053 2645 hanc
1075 2597 1150 2663 puto
1174 2589 1273 2662 ipsum

124 2687 371 2762 Theophrastum
405 2688 580 2763 exposuisse
614 2689 644 2744 in
677 2690 751 2747 libro
783 2687 854 2766 περὶ
880 2688 971 2770 ῑῴιιιν
1000 2685 1187 2764 φρονήιεωε
1221 2686 1274 2748 καὶ

123 2783 231 2861 ἤθουε.
268 2788 319 2844 1110
347 2798 450 2846 autem
477 2791 517 2847 de
549 2807 632 2849 caus.
655 2791 694 2865 pl.
717 2792 782 2848 libri
804 2793 873 2850 loco
897 2792 1009 2848 eodem
1028 2791 1162 2865 generali
1183 2790 1272 2846 titulo

125 2890 357 2965 comprehendit
378 2909 447 2948 suos
469 2893 508 2946 de
524 2892 703 2950 animalibus
720 2894 821 2970 libros
848 2911 909 2967 quo
926 2893 1083 2950 historiam
1099 2892 1273 2966 plantarum

124 2990 320 3066 significate.
343 3009 387 3066 gr.
412 2993 453 3048 de
476 3010 557 3051 caus.
580 2993 619 3067 pl.
643 2993 656 3048 Ι
681 2990 762 3066 1‚12.
813 2994 909 3050 multo
937 2994 1027 3068 igitur
1057 2994 1175 3049 videtur
1203 3011 1273 3048 esse

124 3092 246 3148 similius
270 3094 330 3148 veri
354 3093 447 3149 etiam
470 3094 511 3148 de
534 3110 616 3151 caus.
640 3094 680 3166 pl.
696 3093 740 3148 lV
760 3097 787 3166 5,
811 3097 828 3151 7
852 3102 883 3149 et
901 3093 929 3148 V
951 3096 980 3167 6,
1005 3096 1042 3152 13
1066 3094 1160 3167 ipsius
1184 3094 1273 3149 disci-

123 3193 186 3266 puli
207 3194 297 3250 libros
320 3193 544 3266 intellegendos
568 3210 634 3250 esse
658 3211 749 3268 quam
772 3195 916 3266 magistri.

223 3293 272 3350 De
305 3294 413 3350 ordine
448 3311 507 3367 quo
542 3293 677 3367 singulos
713 3295 753 3350 de
785 3295 965 3351 animalibus
1007 3296 1097 3351 libros
1134 3296 1272 3369 legerunt

125 3395 241 3469 posteri
264 3395 426 3469 scriptores
448 3394 518 3449 nihil
538 3393 600 3450 fere
617 3403 747 3454 constat.
771 3395 871 3452 adfert
888 3395 1068 3452 Athenaeus
1084 3395 1126 3450 IX
1149 3414 1178 3468 p.
1193 3387 1268 3451 337b

44 3514 48 3523 ·
124 3496 245 3552 tertium
267 3492 339 3570 περὶ
360 3493 452 3575 Ζῴων
475 3495 592 3573 librum,
621 3514 724 3552 verum
750 3513 873 3570 prorsus
900 3496 1027 3553 dubium
1058 3503 1105 3551 est
1126 3495 1173 3550 cui
1196 3494 1270 3551 libro

123 3595 183 3653 hoc
211 3596 413 3670 fragmentum
441 3597 479 3652 sit
502 3596 748 3656 adscribendum.
793 3604 878 3653 certe
901 3597 942 3652 ad
969 3604 1177 3671 argumentum
1209 3594 1270 3651 libri

123 3693 195 3772 περὶ
220 3694 362 3756 δακέτων
386 3693 437 3756 καὶ
459 3696 621 3772 βλητικῶν,
653 3698 706 3771 qui
729 3698 768 3779 in
790 3697 971 3755 collectione
993 3697 1043 3754 illa
1064 3697 1270 3754 Alexandrina

99 3777 240 3871 ¹(Laert.
263 3796 353 3872 Diog.
371 3797 399 3850 V
413 3798 467 3872 43)
490 3799 611 3855 tertium
631 3799 750 3855 obtinet
773 3799 882 3874 locum,
904 3798 988 3855 nullo
1010 3800 1104 3854 modo
1128 3800 1268 3872 quadrat.

122 3901 262 3975 congruit
296 3918 365 3957 cum
404 3901 511 3956 ordine
552 3901 661 3958 indicis
696 3901 850 3958 Laertiani
891 3901 1097 3958 testimonium
1130 3902 1270 3958 eiusdem

123 4001 273 4058 Athenaei
289 4000 348 4058 VII
363 4019 391 4074 p.
406 3993 482 4059 312b
506 3996 713 4076 Θεόφραετοι
728 3998 764 4062 ἐν
779 4003 824 4081 τῷ
852 4006 867 4061 ἰ
893 3998 964 4077 περὶ
984 4002 1048 4062 τῶν
1070 3999 1165 4082 ἐντῷ
1186 4003 1271 4081 Ξηρῷ

223 4230 234 4268 ¹
253 4234 286 4286 cf.
305 4233 438 4283 Kirchner
456 4232 546 4303 suppl.
566 4232 660 4286 annal.
676 4231 769 4301 philol.
790 4235 844 4284 VII
862 4251 887 4300 p.
907 4233 960 4286 533
979 4252 1035 4301 sqq.

222 4318 234 4355 ²
253 4323 318 4371 alios
336 4321 409 4371 locos
429 4322 539 4385 collegit
556 4322 687 4375 Kirchner
706 4324 723 4374 l.
744 4323 762 4375 l.
782 4340 808 4388 p.
827 4323 881 4376 460
900 4326 960 4376 adn.
983 4326 1005 4376 l.
