2678 4732
623 230 658 286 33

52 420 132 473 ratu
157 428 220 469 non
243 410 411 486 indignum.
456 410 637 467 describitur
663 410 710 466 ille
738 410 826 465 nidus
849 406 922 485 §86
945 428 973 484 p.
992 412 1067 471 616ει
1093 414 1128 472 19
1153 415 1210 474 sic:

55 490 143 589 ἠδὲ
165 510 293 575 νεοττιὰ
314 509 478 586 παρομοία
501 512 567 571 ταῖς
591 508 739 587 ςφαίραις
768 511 836 570 ταῖς
866 509 1048 572 θαλαττίαις
1076 511 1139 574 {cri
1161 513 1213 575 καὶ

57 616 135 677 ταῖς
162 611 373 689 καλουμέναις
405 608 597 686 άλοςάχναις
623 609 706 685 πλὴν
733 611 791 672 τοῦ
817 608 984 687 χρώματος
1013 615 1079 674 κτλ.
1121 619 1212 674 maris

61 736 140 775 vero
166 718 240 775 illud
262 717 347 790 quod
368 724 496 773 vocatur
517 709 676 788 ἁλοςάχνη
700 732 777 789 opus
804 715 941 788 ignotum
967 725 1015 773 est
1041 717 1212 777 Aristoteli:

61 818 195 895 primam
228 818 292 874 eins
324 817 466 873 notitiam
499 816 668 872 invenimus
703 816 785 889 apud
812 815 965 890 Theophr.
990 817 1023 876 fr.
1045 816 1089 872 IV
1111 821 1148 876 35
1166 818 1211 878 W.

60 916 103 981 τό
127 916 164 979 δὲ
185 914 315 994 ῥόδινον
336 915 403 976 τοῖς
424 912 500 975 dciv
527 910 660 986 ciroleon,
690 911 739 974 ὅτι
762 912 797 975 ἐν
820 910 907 975 άλςὶν
930 914 949 990 ἡ
972 914 1109 991 ποίηςις·
1138 915 1211 979 ἀνα-

62 1016 208 1096 ξηραίνει
228 1015 289 1093 γὰρ
311 1015 363 1077 καὶ
384 1013 582 1092 ἐκθερμαίνει
606 1014 658 1076 διὰ
673 1014 748 1076 τοὺς
764 1011 860 1076 ἅλας·
884 1014 934 1076 διὸ
949 1015 1000 1077 καὶ
1015 1015 1033 1092 ἡ
1051 1016 1210 1095 ἁλοςάχνη

65 1116 200 1195 ἀγαθόν,
244 1121 331 1177 valde
354 1130 459 1177 autem
482 1119 604 1181 dubites
626 1137 699 1175 num
722 1118 936 1193 Theophrasto
963 1121 1090 1178 addicas
1119 1123 1211 1196 ipsius

65 1226 132 1285 avis
153 1224 392 1299 descriptionem
413 1239 505 1296 quam
520 1222 595 1295 legis
617 1217 633 1295 ἓ
648 1222 686 1278 85
704 1240 733 1297 p.
747 1223 823 1280 616ει
838 1220 967 1280 14-18.
1001 1223 1066 1278 eius
1082 1234 1212 1281 rostrum

66 1326 147 1385 falso
174 1327 349 1381 nominatur
375 1332 467 1379 tenne
477 1318 499 1391 1,
527 1324 593 1380 eius
617 1323 700 1379 color
722 1324 753 1378 in
776 1332 862 1398 tergo
890 1330 970 1379 certe
993 1340 1056 1379 non
1078 1336 1126 1380 est
1150 1334 1212 1382 tam

65 1428 180 1485 mixtus
203 1444 240 1483 ac
262 1427 370 1484 varius.
414 1425 474 1481 hoc
501 1424 640 1480 ultimum
666 1425 726 1480 iam
754 1425 886 1481 innotuit
908 1424 1065 1481 Aristoteli
1093 1427 1145 1499 qni
1172 1428 1212 1484 de

66 1528 190 1587 duobus
213 1527 359 1585 alcedinis
380 1528 544 1600 generibus
567 1526 639 1583 dicit
661 1525 689 1584 h.
705 1544 733 1584 a.
747 1525 819 1582 VIII
836 1528 863 1601 3,
887 1527 923 1583 47
948 1543 975 1599 p.
993 1518 1072 1584 593b
1095 1529 1131 1584 ll
1155 1524 1213 1587 τὸν

66 1628 105 1691 δὲ
132 1630 237 1690 νῶτον
264 1623 444 1703 ἀμφότεραι
474 1626 615 1687 κυανοῦν
644 1623 777 1700 ἔχουςιν.
822 1627 905 1683 idem
933 1626 1059 1701 legimus
1084 1629 1134 1684 ubl
1157 1630 1212 1685 de-

66 1732 208 1789 scribitur
234 1748 354 1805 merops
383 1732 413 1785 in
440 1749 524 1786 nono
551 1729 626 1786 libro
650 1748 676 1786 c.
695 1732 743 1801 13,
767 1730 806 1786 82
829 1748 858 1804 p.
876 1723 953 1786 615b
977 1732 1015 1787 28
1045 1727 1065 1803 ἡ
1092 1725 1118 1789 δ’
1143 1726 1212 1789 ἰδέα

66 1831 127 1892 τοῦ
157 1826 285 1906 ὄρνιθος
313 1831 377 1891 τῶν
406 1831 535 1906 πτερῶν
564 1827 627 1891 ἐςτι
649 1827 689 1890 τὰ
711 1829 768 1904 μὲν
791 1826 943 1891 ὑποκάτω
969 1827 1086 1905 ὠχρόν,
1115 1828 1212 1891 τὰδὲ

68 1927 182 1993 ἐπάνω
211 1929 316 2008 ὥςπερ
342 1932 398 2006 τῆς
424 1927 582 1992 ἀλκυόνα(
612 1927 750 1992 κυάνεον
776 1932 840 1992 κτλ.
884 1933 963 1990 hanc
988 1935 1078 2007 igitur
1099 1944 1213 1990 rectam

67 2035 178 2110 capitis
208 2036 246 2093 13
289 2034 526 2108 descriptionem
561 2034 625 2089 iure
658 2034 815 2090 adscribes
849 2034 1074 2110 Theophrasto,
1107 2035 1214 2092 falsam

66 2136 151 2193 illam
174 2136 281 2211 capitis
306 2139 344 2193 11
368 2136 490 2192 aliunde
512 2136 626 2191 adiecit
647 2136 834 2209 compilator.

169 2236 204 2293 In
226 2237 370 2311 proximis
387 2254 458 2293 vero
479 2237 627 2311 capitibus
644 2238 753 2293 crescit
764 2254 906 2293 numerus
922 2239 1212 2300 additamentorum.

65 2338 198 2417 plurima
220 2339 343 2395 minime
367 2347 510 2413 spectant
540 2340 581 2395 ad
614 2340 806 2413 propositum
841 2340 912 2409 §72
936 2358 965 2414 p.
990 2332 1121 2398 614131
1147 2360 1212 2416 sqq.

65 2440 246 2508 indicatum,
283 2442 340 2496 sed
362 2441 493 2497 maxima
515 2460 553 2496 ex
576 2450 663 2515 parte
687 2442 899 2498 describuntur
933 2460 1004 2499 aves
1029 2461 1091 2499 non
1114 2445 1214 2502 nullae

64 2550 163 2617 atque
185 2541 216 2597 in
237 2559 351 2616 genera
373 2542 601 2613 distribuuntur,
623 2543 666 2598 ita
691 2552 723 2598 ut
742 2542 938 2599 manifestum
961 2545 999 2599 sit
1021 2543 1069 2600 hic
1083 2545 1213 2618 plerum·

64 2660 130 2719 que
155 2642 323 2700 adhibitam
345 2660 414 2700 esse
439 2644 607 2701 naturalem
623 2644 705 2700 illam
728 2644 894 2703 historiam.
931 2646 1046 2701 reditur
1077 2647 1117 2702 ad
1144 2665 1213 2722 pro-

63 2743 201 2819 positum
224 2744 347 2800 demum
370 2762 395 2804 c.
420 2746 468 2813 29,
494 2747 552 2803 105
575 2764 604 2819 p.
629 2747 739 2804 61828
762 2741 780 2803 ὁ
805 2744 840 2805 δὲ
864 2741 977 2806 κόκκυξ
1003 2743 1107 2806 ...οὐ
1129 2749 1214 2809 ποιεῖ

62 2839 218 2905 νεοττιάν
237 2844 301 2904 κτλ.
336 2854 366 2902 at
393 2856 494 2902 tamen
526 2863 621 2921 usque
648 2848 689 2902 ad
721 2866 746 2905 c.
773 2851 821 2913 19,
844 2850 884 2905 95
906 2866 935 2922 p.
960 2848 1034 2906 617ει
1055 2850 1092 2907 18
1122 2850 1214 2906 inter-

64 2948 146 3005 dum
179 2948 439 3021 intersperguntur
477 2947 567 3004 etiam
604 2948 845 3022 Theophrastea.
879 2950 1032 3021 quadrant
1063 2951 1144 3007 enim
1173 2954 1213 3009 ad

65 3050 139 3107 eius
171 3047 279 3104 librum
309 3066 389 3125 quae
422 3049 617 3106 inveniuntur
646 3068 670 3108 c.
708 3054 756 3124 15,
781 3050 820 3107 88
844 3069 874 3124 p.
898 3045 1212 3127 6161311188)

64 3168 98 3227 p.
124 3141 202 3209 6161
226 3151 337 3217 9—12,
374 3160 405 3205 et
438 3149 502 3205 fere
533 3151 636 3206 omnia
668 3169 747 3224 quae
779 3162 885 3209 extant
918 3155 948 3209 in
970 3173 995 3212 c.
1021 3157 1058 3212 lt
1082 3173 1110 3227 p.
1136 3147 1212 3210 6161

68 3254 111 3311 19
128 3268 193 3327 sqq.
229 3253 289 3334 sed
311 3251 381 3306 vide
401 3269 492 3325 quam
514 3252 594 3308 male
615 3252 692 3308 haec
715 3271 751 3308 ex
774 3255 832 3311 alio
853 3274 972 3312 conexu
995 3258 1055 3313 sint
1078 3268 1212 3330 arrepta:

67 3374 95 3415 c.
123 3356 172 3421 15,
193 3354 232 3411 88
262 3371 292 3427 p.
316 3344 392 3410 616b
418 3354 434 3409 1
458 3349 618 3411 νεοττεύει
647 3351 778 3412 δὲκαὶ
806 3350 903 3414 οὗτος
927 3352 961 3414 ἐν
983 3356 1049 3415 τοῖς
1072 3354 1214 3429 δένδρεα

68 3462 102 3513 et
125 3472 150 3513 c.
176 3455 224 3529 17,
247 3455 286 3512 92
309 3471 337 3527 p.
362 3445 440 3512 1516b
464 3456 502 3510 96
524 3450 575 3512 καὶ
607 3450 686 3513 οἰκεῖ
708 3453 780 3514 καὶ
802 3450 896 3515 οὗτος
926 3454 1044 3532 πέτρας
1066 3454 1117 3516 καὶ
1138 3456 1213 3532 ςπή-

68 3554 193 3629 λυγγας
215 3555 335 3629 legitur,
365 3574 552 3632 quamquam
575 3566 666 3613 antea
688 3558 767 3614 aliae
797 3576 869 3615 ares
892 3577 971 3632 quae
994 3561 1077 3616 idem
1100 3560 1214 3617 faciant

68 3672 135 3715 nou
157 3666 229 3714 sunt
252 3654 537 3717 commemoratae2.
571 3667 732 3732 praeterea
757 3661 818 3714 veri
835 3660 970 3715 similiter
984 3662 1024 3716 ad
1035 3661 1214 3735 Theophra·

70 3768 155 3817 stum
177 3757 279 3815 referri
301 3777 326 3817 c.
352 3762 398 3829 18,
419 3761 458 3818 93
481 3780 510 3836 p.
524 3754 601 3819 6113b
619 3763 655 3818 33
681 3761 771 3817 verba
794 3757 945 3822 όπέλλος
958 3809 964 3821 .
979 3808 1006 3820 ..
1030 3757 1133 3835 ὀχεύει
1155 3760 1213 3835 μὲν

69 3858 231 3937 χαλεπῶς,
264 3855 442 3935 εὐμήχανος
476 3861 511 3921 δὲ
541 3860 592 3922 καὶ
614 3859 829 3937 οειπνοφόρος
860 3860 910 3921 καὶ
936 3858 1085 3936 ἔπαγρος,
1121 3860 1213 3937 ἐργά-

70 3960 160 4021 ζεται
179 3959 215 4020 δὲ
237 3958 295 4033 τὴν
317 3956 437 4036 ἡμέραν
459 3964 518 4019 iam
542 3966 669 4022 vidimus
682 3961 702 4024 ³.
736 3982 835 4040 neque
858 3966 954 4021 locum
977 3965 1107 4038 aliquem
1135 3964 1213 4021 obti-

173 4197 183 4235 ¹
201 4202 233 4253 cI.
253 4203 389 4252 Aubertus
408 4212 434 4252 et
453 4205 580 4254 Wimmer
600 4207 678 4257 adh.
698 4207 716 4257 1,
736 4208 787 4257 vol.
808 4208 833 4255 Il
854 4224 879 4271 p.
900 4206 959 4257 245.

171 4286 233 4342 ²cf.
252 4292 397 4357 Ditbneyer
417 4293 434 4344 1.
455 4293 473 4345 1.
492 4311 517 4357 p.
542 4294 599 4346 1411.

172 4374 382 4447 ’άμωη
