2678 4732
699 252 734 306 38

143 423 207 490 ἀπὸ
231 430 288 490 τού
311 424 453 504 ειύματοτ
478 424 551 490 οἷον
574 425 699 504 φλοιόν,
722 426 797 508 ῇτά
818 424 1000 504 βύιλλοντα1
1022 428 1090 490 ταῖς
1106 424 1208 505 θριξὶν
1226 419 1298 492 οἷον

144 527 294 606 ὕετριχεε.
338 528 485 607 hystrices
517 531 597 587 enim
625 530 737 587 aculeis
766 531 809 586 uti
837 538 992 606 tamquam
1021 531 1098 603 telis,
1136 533 1226 589 cuius
1254 532 1298 589 rei

145 634 327 690 ArIstoteles
350 650 504 706 nusquam
528 631 597 688 facit
618 632 815 700 mentionem,
839 631 1071 706 Theophrastus
1091 641 1197 689 narrat
1212 632 1298 708 apud

145 735 220 794 Plin.
244 755 273 792 n.
296 735 324 794 h.
348 735 420 791 VIII
445 736 514 811 125,
538 753 628 810 quern
657 735 757 791 locum
787 735 953 792 rectissime
975 735 1003 790 ei
1032 735 1151 792 addixit
1172 735 1296 793 Roseus

143 855 173 912 p.
191 837 265 895 369:
294 854 365 892 nam
393 837 584 910 praecedunt
607 835 841 909 Theophrastea
863 837 1061 906 §123-124
1090 837 1130 891 de
1158 834 1297 893 tarandri

144 938 315 994 mutatione
349 944 379 994 et
412 937 549 1011 sequitur
572 935 586 1005 β
611 938 667 995 126
684 954 749 1010 sqq.
782 936 922 993 eiusdem
958 939 997 994 de
1026 937 1102 994 ursis
1132 937 1296 1012 expositio.

144 1048 304 1114 praeterea
332 1040 398 1113 quIs
427 1057 489 1096 non
519 1039 599 1094 videt
628 1056 717 1112 quam
752 1039 862 1095 deceat
884 1039 1008 1094 doctum
1032 1039 1072 1094 de
1099 1037 1297 1112 physicorum

144 1140 337 1213 opinionibus
353 1140 532 1213 scriptorem
549 1148 581 1195 et
596 1140 726 1196 maxime
745 1139 776 1194 in
792 1139 971 1196 Democrito
986 1139 1120 1212 legendo
1135 1139 1296 1196 assiduum

145 1240 192 1297 hic
222 1240 342 1298 adferre
370 1241 447 1296 illius
476 1236 640 1314 placitum?
682 1236 794 1315 nemp'e
822 1240 922 1296 eidem
951 1240 1042 1296 etiam
1070 1240 1296 1315 Aristophanes

145 1340 306 1414 ByzantIus
328 1360 358 1414 p.
376 1342 424 1409 23,
451 1343 489 1399 14
502 1341 535 1400 L.
559 1342 653 1397 debet
676 1339 825 1414 Diogenis
848 1341 1064 1414 Apolloniatae
1086 1337 1231 1401 nomenss.

247 1440 319 1498 Non
342 1451 404 1498 tam
428 1442 555 1515 slmplex
578 1459 625 1498 res
649 1443 746 1498 estin
769 1441 871 1516 amplo
895 1441 945 1497 illo
969 1450 1001 1496 et
1022 1442 1156 1516 pretioso
1174 1443 1216 1498 de
1232 1443 1297 1518 api-

146 1542 202 1598 bus
226 1542 335 1615 capite.
379 1541 427 1598 hic
451 1560 573 1617 quoque
596 1540 843 1616 Theophrastum
863 1541 1017 1598 consuluit
1041 1543 1170 1617 scriptor
1194 1561 1296 1618 eoque

143 1644 242 1699 minus
264 1643 324 1700 hoc
348 1644 455 1699 mirum
486 1652 533 1700 est
561 1645 646 1717 quod
668 1644 692 1698 is
716 1643 767 1716 qui
789 1643 942 1717 proprium
969 1640 1041 1718 περὶ
1063 1640 1198 1717 μελίτων
1222 1661 1296 1701 con·

144 1745 222 1804 didit
244 1746 352 1801 librum
374 1745 500 1801 multum
522 1762 635 1818 operae
659 1763 695 1800 ac
718 1744 828 1800 laboris
853 1745 1081 1819 consumpsisse
1103 1746 1133 1801 in
1158 1745 1204 1801 his
1229 1746 1295 1802 ani·

143 1846 272 1902 malibus
308 1846 506 1903 observandiS
541 1847 695 1920 putandus
729 1854 783 1903 est.
828 1856 899 1902 sunt
929 1855 1032 1903 autem
1055 1846 1296 1922 Theophrastea

145 1965 224 2022 quae
247 1956 407 2005 narrantur
429 1966 453 2006 c,
469 1949 519 2012 40,
538 1949 594 2005 191
611 1966 641 2021 p.
659 1949 734 2004 626ει
749 1948 787 2005 26
804 1965 870 2020 sqq.
894 1943 1131 2022 δυεχεραίνουει
1154 1946 1191 2007 δὲ
1205 1992 1295 2007 .....

142 2049 211 2108 roi(
233 2045 402 2108 δυεώοεειν
424 2043 536 2120 ὀεμαῑε
559 2045 611 2106 καὶ
628 2048 697 2107 ταῖε
720 2049 784 2108 τῶν
808 2044 923 2122 μύρων.
968 2045 1018 2107 διὸ
1041 2046 1092 2108 καὶ
1114 2046 1190 2109 τοὺε
1214 2066 1298 2124 χρω-

144 2148 260 2224 μένου(
284 2146 392 2208 αὐτοῖς
415 2146 592 2222 τύπτουειν,
625 2160 657 2205 ut
679 2159 808 2225 apparet
828 2151 998 2223 inspicienti
1021 2151 1060 2207 de
1083 2168 1166 2208 caus.
1190 2151 1234 2225 pl.
1250 2150 1296 2207 VI

143 2254 204 2317 5‚l
229 2250 400 2325 πολεμοῡει
423 2249 458 2310 δέ
481 2248 519 2322 δὴ
542 2247 669 2324 εφόδρα
693 2248 744 2309 καὶ
767 2245 798 2309 αἱ
813 2246 953 2324 μέλιτται
968 2250 1035 2309 roi(
1052 2247 1297 2324 μεμυριτμένοι(

143 2362 174 2409 et
190 2353 294 2424 fragm.
317 2349 389 2426 περὶ
412 2348 546 2424 μελίτων
564 2352 594 2406 in
613 2348 767 2424 [Ariston]
783 2352 849 2409 mir.
862 2368 944 2407 ausc.
961 2369 986 2408 c.
1004 2352 1040 2408 21
1065 2347 1123 2409 τὰ(
1146 2346 1297 2424 μελίττας

142 2451 286 2524 λέγουειν
313 2447 375 2510 ύπό
403 2449 503 2526 μύρου
532 2453 704 2526 καρούεθαι
733 2449 784 2511 καὶ
810 2447 868 2510 οὐκ
901 2446 1066 2525 ἀνέχετθαι
1093 2449 1153 2525 τὴν
1175 2447 1296 2526 ὀεμήν·

142 2550 219 2614 ένιοι
245 2552 281 2614 δὲ
304 2550 430 2624 λέγουει
459 2549 591 2627 pollictor
620 2551 695 2612 τοὺε
725 2549 972 2627 μεμυριιμένουε
994 2548 1131 2612 τύπτειν.
1176 2553 1297 2609 ἀείραο

141 2656 388 2730 Theophrastum
415 2673 573 2730 agnosces,
603 2655 627 2711 si
649 2652 740 2729 §205
766 2674 794 2729 p.
812 2648 889 2713 627¹>
910 2656 944 2711 lo
975 2650 1230 2728 προγινώεκουει
1255 2652 1294 2714 δὲ

140 2753 191 2815 καὶ
210 2757 348 2830 χειμῶνα
371 2753 422 2815 καὶ
444 2751 532 2830 ὕδωρ
555 2751 586 2815 αἱ
602 2754 755 2830 μέλιτται·
778 2756 906 2830 εημεῑον
921 2752 973 2816 δέ·
995 2751 1054 2814 οὐκ
1070 2750 1294 2816 ἀποπέτονται

140 2853 211 2931 γάρ,
235 2852 302 2916 ἀλλ’
320 2855 356 2917 έν
378 2859 416 2936 τῇ
440 2853 529 2934 εὐδίᾳ
553 2852 652 2916 αὐτού
675 2851 886 2930 ἀνειλοῦνται,
910 2852 936 2935 ᾧ
959 2851 1165 2926 γινώεκουτιν
1187 2851 1220 2914 οἳ.
1243 2873 1296 2930 με·

141 2954 332 3034 λιττουργοί,
363 2953 413 3016 ὅτι
439 2959 577 3032 χειμῶνα
602 2955 831 3031 προτοέχονται
860 2957 1082 3031 comparaveris
1105 2940 1173 3012 cum
1197 2956 1233 3013 fr.
1250 2956 1296 3013 Vl

140 3063 180 3119 46
196 3060 242 3118 W.
270 3055 350 3118 ὅταν
374 3056 512 3133 μέλιτται
537 3056 576 3132 μὴ
601 3054 826 3118 ἀποπέτιυνται
857 3053 989 3133 μακράν,
1022 3050 1091 3116 ἀλλ’
1115 3056 1164 3116 ἐπ’
1189 3052 1295 3117 αὐτοῦ

140 3161 198 3220 τού
221 3157 357 3234 εμήνουε
381 3156 415 3219 ἐν
437 3161 474 3237 τῇ
491 3156 580 3237 εὐδίᾳ
603 3156 772 3227 πέτωνται,
797 3159 939 3233 χειμῶνα
962 3154 1116 3232 ἑπόμενον
1139 3155 1294 3231 ιημαίνει.

141 3281 203 3319 non
226 3271 288 3318 tam
312 3270 394 3317 certa
417 3279 465 3317 res
488 3270 534 3318 est
558 3261 616 3317 alio
641 3261 719 3319 loco.
766 3268 849 3316 extat
879 3261 960 3316 enim
984 3260 999 3329 θ
1019 3261 1076 3317 197
1099 3277 1129 3333 p.
1147 3254 1226 3316 626¹>
1253 3261 1294 3318 20

140 3360 221 3436 νομὴ
250 3360 285 3421 δὲ
313 3362 380 3421 mic
409 3359 565 3437 μελίτταις
593 3359 631 3421 τὸ
660 3358 770 3436 θύμον.
817 3356 948 3435 ἄμεινον
971 3358 1007 3419 δὲ
1029 3356 1066 3419 τὸ
1089 3355 1209 3419 λευκὸν
1231 3360 1294 3421 τού

141 3461 277 3538 ἐρυθροῦ
301 3472 334 3520 et
355 3465 438 3538 apud
453 3463 698 3537 Theophrastum
720 3462 848 3535 legimus
871 3463 900 3518 h.
918 3463 956 3536 pl.
969 3461 1012 3517 VI
1028 3463 1056 3532 2,
1074 3462 1092 3518 3
1115 3457 1168 3519 καὶ
1189 3455 1296 3534 θύμον

139 3561 177 3624 τὸ
201 3562 258 3638 μὲν
282 3560 405 3637 λευκόν,
431 3561 522 3623 τὸδὲ
546 3560 655 3638 μέλαν,
679 3558 811 3623 εὐανθὲ(
835 3560 870 3621 δέ
894 3559 1031 3637 rodopa·
1074 3557 1148 3635 περὶ
1168 3559 1295 3634 τροπὰς

139 3662 201 3739 γὰρ
224 3660 314 3725 ἀνθεῖ
336 3660 479 3739 θερινάε·
513 3659 570 3738 ἀφ’
593 3658 632 3723 ού
655 3661 707 3723 καὶ
726 3660 746 3737 ἡ
764 3661 891 3738 μέλιττα
913 3657 1066 3737 λαμβάνει
1088 3658 1125 3721 τὸ
1149 3658 1218 3736 μέλι
1241 3659 1296 3723 καὶ

139 3762 243 3845 τούτῳ
266 3762 362 3841 φατὶν
385 3761 415 3824 oi
438 3761 656 3840 μελιττουργοὶ
678 3763 778 3837 δῆλον
802 3759 892 3835 εἶναι,
920 3759 1061 3837 πότερον
1076 3758 1296 3837 εὐμελιτούειν

139 3862 234 3940 ἤού·
258 3866 362 3925 καλῶ(
386 3863 447 3940 γὰρ
472 3860 716 3939 ἀπανθήεαντοτ
733 3860 918 3940 εὐμελιτεῑν.
956 3865 1139 3921 sententiam
1160 3872 1294 3940 uterque

140 3968 224 4026 locus
258 3967 387 4042 praebet
420 3969 562 4045 eandem,
590 3967 646 4024 sed
669 3966 914 4041 Theophrastum
938 3966 986 4022 va
1017 3964 1109 4023 fuisse
1132 3973 1294 4024 auctorem

238 4207 249 4244 1
269 4226 334 4262 corr.
353 4211 470 4268 Vsener;
491 4209 570 4259 codd.
591 4209 653 4261 εἷτα
673 4208 821 4274 βάλλονται
841 4217 867 4259 et
885 4207 1113 4274 μεταβάλλονται.

236 4295 248 4332 ‘²¹
266 4300 299 4351 cl.
318 4301 427 4349 Roseus
447 4296 540 4351 anecd.
559 4313 600 4366 ρι’.
619 4302 645 4350 et
659 4297 801 4366 ρναοοοίιιί.
815 4301 880 4364 Hp.
894 4297 1017 4356 32αε1ιι.;
1038 4296 1155 4347 Dielsius
1172 4291 1291 4363 doxoyr.

137 4406 163 4457 p.
184 4387 242 4440 191.
