2678 4732
203 1116 504 1192 Theophrasteorum
539 1120 579 1176 de
610 1118 789 1176 animalibus
831 1119 972 1177 librorum
1002 1121 1099 1178 nuilus
1132 1121 1250 1198 integer

102 1218 186 1275 diem
209 1214 306 1278 tulitl.
327 1219 414 1275 unius
438 1218 566 1276 frustum
586 1228 672 1278 extat
692 1222 724 1276 in
747 1221 891 1295 exemplis
911 1238 965 1281 ms.
980 1221 1130 1279 minorum
1145 1221 1249 1280 Theo-

101 1319 217 1394 phrasti
239 1319 417 1394 scriptorum
439 1317 487 1396 (fr.
514 1318 651 1398 mur),
684 1340 721 1376 ex
752 1322 847 1378 tribus
877 1329 1022 1397 excerpta
1044 1323 1193 1381 babemus
1215 1325 1247 1381 in

102 1418 202 1476 Photii
231 1420 308 1493 bybl.
337 1423 407 1479 cod.
432 1423 491 1481 278
515 1441 544 1497 p.
568 1424 628 1481 525
653 1440 719 1498 sqq.
747 1423 793 1498 B„
826 1431 994 1480 ceterorum
1029 1425 1130 1481 titulos
1165 1425 1247 1482 solos

101 1520 190 1576 nobis
213 1521 343 1578 servavit
363 1521 464 1582 Laert.
483 1522 584 1598 Diog.,
606 1523 657 1598 qui
679 1524 710 1580 in
725 1524 820 1598 prima
835 1523 1140 1598 Theophrasteorum
1157 1524 1245 1583 libro·¹

99 1639 166 1678 rum
189 1621 298 1679 indicis
319 1631 407 1697 parte
429 1614 471 1700 (V
493 1621 546 1697 43)
569 1623 647 1681 haec
669 1625 776 1682 tradit:

205 1720 277 1797 περὶ
293 1719 509 1800 ἑτεροφωνίαε
529 1723 621 1805 ζῴων
638 1725 704 1786 τῶν
726 1722 893 1800 ὁμογενῶν
909 1729 939 1802 ᾶ,
961 1723 1034 1801 περὶ
1048 1725 1114 1787 τῶν
1127 1720 1249 1803 ἀθρόον

98 1819 306 1898 φαινομένων
328 1831 358 1901 ᾶ,
387 1823 460 1900 περὶ
482 1824 625 1888 δακέτων
648 1823 700 1887 καὶ
728 1825 884 1902 βλητικῶν
907 1828 938 1902 ᾶ,
967 1824 1039 1902 περὶ
1064 1827 1130 1888 τῶν
1156 1827 1247 1909 ζῴων
1320 1820 1324 1829 '

100 1918 161 1984 όια
183 1920 308 1996 λέγεται
330 1926 464 2000 φθονεῖν
483 1930 513 2003 ᾱ,
536 1924 610 2002 περὶ
631 1929 697 1988 τῶν
714 1925 749 1988 ἐν
773 1929 858 2009 ξηρῷ
880 1925 1099 2003 διαμενόντων
1118 1933 1152 2005 εἰ,
1175 1926 1247 2005 περὶ

96 2023 164 2084 τῶν
186 2021 365 2118 τὰοχρόαε
387 2024 654 2104 μεταβαλλόντων
669 2036 700 2105 ᾶ,
723 2026 793 2104 περὶ
808 2028 873 2090 τῶν
890 2027 1107 2106 φωλευόντων
1120 2034 1152 2098 ἁ,
1175 2028 1247 2106 περὶ

97 2113 479 2206 ῑφωνᾱμῗδεςῐ.
902 2125 904 2129 ‘

197 2231 247 2288 Ad
270 2241 389 2308 septem
414 2233 470 2290 hos
498 2233 589 2290 libros
618 2235 769 2292 accedunt
790 2251 828 2290 ex
851 2233 946 2291 altera
971 2242 1004 2290 et
1025 2233 1113 2290 tertia
1134 2232 1246 2290 indicis'

96 2338 183 2403 parte
204 2331 268 2388 libri
294 2331 366 2409 περὶ
387 2333 452 2393 τῶν
482 2327 538 2411 (sc.
562 2330 644 2393 κατὰ
665 2328 800 2411 τόπους)
827 2334 997 2410 διαφορῶν
1021 2341 1050 2408 n,
1078 2329 1152 2407 περὶ
1179 2335 1245 2394 τῶν

97 2425 289 2505 αὐτομάτων
309 2433 401 2514 Ζῴων
422 2435 452 2509 ᾶ,
474 2431 634 2508 ἐπιτομῶν
657 2429 900 2510 Ἀριετοτέλουε
926 2432 998 2510 περὶ
1023 2435 1113 2517 ζῲων
1138 2415 1199 2514 bb
1224 2436 1245 2506 Ῠ

96 2514 159 2596 δὲ
189 2537 218 2612 ζ,
246 2530 318 2608 περὶ
347 2533 439 2615 Ζῴων
474 2531 661 2610 φρονήεεωε
686 2532 737 2609 καὶ
766 2531 865 2609 ἤθους
898 2531 955 2596 ᾶὲ.
1000 2538 1040 2594 de
1070 2537 1144 2595 libro
1173 2532 1246 2611 περὶ

96 2634 251 2709 γενέσεω(
278 2640 298 2700 ᾶ
325 2635 441 2715 (Laert.
464 2637 555 2710 Diog.
581 2637 609 2692 V
631 2632 685 2714 49)
713 2638 788 2694 certi
815 2639 980 2712 quicquam
1009 2637 1159 2696 affirmare
1181 2655 1245 2695 non

97 2739 208 2798 audeo,

198 2839 429 2914 Theophrastus
451 2839 542 2914 igitur
561 2840 601 2896 de
624 2839 804 2896 animalibus
828 2840 985 2897 minimum
1007 2841 1115 2898 decem
1140 2841 1244 2915 singu-

97 2942 174 2998 lares
197 2941 377 3016 conscripsit
399 2941 500 3010 libros
523 2959 650 3016 quorum
673 2949 791 3016 septem
811 2959 872 2999 uno
888 2941 1024 3015 generali
1046 2942 1135 2999 titulo
1160 2959 1244 2999 com·
1323 2938 1326 2945 '

96 3043 178 3119 plexi
194 3052 264 3100 sunt
278 3042 506 3118 bybliothecarii
523 3042 729 3103 Alexandrini.
755 3050 912 3100 servarunt
934 3042 965 3099 hi
979 3043 1118 3118 proprios
1138 3044 1244 3118 singu·

95 3145 192 3201 lorum
222 3144 363 3200 librorum
393 3143 509 3200 indices
538 3143 631 3200 etiam
662 3143 693 3200 in
723 3143 848 3200 historia
881 3143 1053 3218 plantarum
1083 3152 1117 3201 nt
1150 3144 1242 3201 docet

96 3244 251 3329 yrbinatis
286 3246 327 3303 ad
361 3245 468 3301 iibrum
500 3245 662 3320 septimum
697 3244 892 3320 subscriptio:
928 3239 1138 3319 Θεοφράετου
1171 3241 1243 3319 περὶ

93 3347 206 3422 φυτῶν
226 3342 364 3421 ἱετορίαε
387 3341 425 3405 τό
441 3352 473 3421 ῆ.
496 3340 675 3421 Ἕρμιπποε
696 3343 731 3406 δὲ
755 3342 828 3421 περὶ
850 3344 1056 3420 φρυγανικῶν
1078 3341 1130 3404 καὶ
1145 3361 1242 3404 ποιω-

94 3447 171 3524 δῶν,
192 3443 397 3523 Ἀνδρόνικοε
419 3445 455 3507 δὲ
473 3444 545 3523 περὶ
567 3447 680 3523 φυτῶν
701 3442 871 3523 ἱετορίαεθ,

97 3597 186 3604 ...η-...ω
199 3596 294 3603 -....-

193 3683 254 3738 ¹ne
272 3687 408 3736 Arabibus
427 3686 535 3752 quidem
560 3685 629 3734 ullus
653 3692 758 3751 praesto
784 3686 864 3735 fuisse
882 3685 993 3750 videtur,
1019 3684 1050 3734 cs.
1071 3683 1241 3733 Wenrichius

93 3775 126 3830 cie
144 3780 215 3830 auct.
234 3789 321 3843 ριαοο.
340 3788 408 3828 nere.
426 3788 490 3826 com.
511 3789 566 3842 syr.
583 3773 659 3826 arab.
678 3782 726 3826 etc.
748 3790 773 3839 p.
797 3771 848 3826 175
867 3789 906 3839 sq.

192 3860 204 3898 2
223 3865 256 3917 cs.
276 3865 378 3915 Vsener
397 3862 471 3916 anal.
488 3860 622 3929 Τλοορλν.
640 3880 666 3928 p.
688 3861 721 3914 15
740 3869 767 3912 et
787 3862 828 3915 16.

194 3949 205 3986 ³
225 3949 529 4016 cs.vsener1.1.p.23.
549 3952 602 4001 alia
621 3952 711 4001 talium
731 3951 868 4001 titulorum
887 3951 997 4014 vestigia
1017 3934 1244 4016 deprehendimus

93 4042 120 4092 in
143 4042 204 4091 libri
227 4041 289 4106 περλ
315 4044 416 4107 φυτῶν
440 4038 559 4105 {tropice
583 4039 652 4089 tertii
679 4040 767 4089 indice
791 4040 854 4105 nep!
880 4036 986 4104 ἀγρίων
1011 4037 1135 4102 δένδρων
1154 4036 1187 4088 τό
1211 4031 1239 4098 r.

93 4145 169 4195 quem
192 4129 300 4195 praebet
318 4128 441 4188 Vrbinas‚
466 4134 491 4176 et
515 4128 542 4176 in
566 4127 628 4176 libri
653 4129 716 4177 noni
739 4128 911 4192 inscriptione
936 4127 998 4192 περὶ
1025 4128 1126 4190 φυτῶν
1149 4122 1239 4189 ὀπῶν,

93 4232 171 4283 qnam
196 4218 341 4267 invenimus
364 4217 391 4265 in
415 4215 542 4280 excerptis
561 4216 699 4273 Parisinis;
731 4216 762 4268 cs.
782 4216 919 4265 Kircbner
938 4213 970 4266 (ie.
993 4210 1124 4279 Pheopbr.
1144 4210 1240 4264 Eresii

93 4303 171 4357 libris
187 4304 321 4372 phytninp.
342 4304 483 4355 Vratislav.
504 4304 573 4357 1874
592 4320 616 4369 p.
637 4303 680 4358 46.

1025 4390 1040 4441 1
1054 4418 1057 4423 .
