2678 4732
552 760 731 836 VITA.

191 981 288 1038 Natus
312 1000 378 1038 sum
401 981 593 1038 Hermannus
615 980 764 1038 Henricus
785 979 972 1039 Christianus
986 981 1124 1060 Joachim
1139 979 1233 1037 Ham·

91 1084 177 1157 burgi
200 1103 226 1140 a.
243 1083 271 1142 h.
288 1101 310 1142 s.
327 1082 457 1140 LXVIII
488 1082 636 1158 postridie
659 1082 737 1143 Non.
761 1083 837 1157 Aug.
863 1093 949 1159 patre
972 1083 1108 1140 Henrico
1137 1092 1234 1139 matre

12 1162 17 1171 ’
92 1184 229 1241 Theresa
260 1202 277 1239 e
310 1193 403 1260 gente
424 1183 570 1252 Martens,
604 1184 712 1258 quibus
745 1186 866 1260 gaudeo
900 1185 1119 1260 superstitibus,
1163 1181 1235 1239 fidei

92 1287 235 1359 addictus
258 1303 325 1342 sum
348 1279 555 1359 evangelicae.

194 1387 376 1444 Litterarum
397 1388 549 1444 elementa
572 1387 715 1445 Mauritio
738 1386 814 1445 Otto
843 1388 921 1444 duce
944 1389 1055 1445 doctus
1081 1404 1136 1460 per
1163 1392 1235 1442 octo

10 1492 23 1559 ,“
93 1507 190 1546 annos
228 1489 374 1546 Iohannei
409 1487 651 1563 Hamburgensis
689 1497 752 1545 turn
786 1489 909 1546 Ricardi
941 1488 1058 1562 Hoche,
1093 1487 1238 1544 Friderici

94 1589 249 1646 Schultess
272 1608 353 1647 nunc
377 1591 432 1646 sub
461 1591 600 1666 auspiciis
631 1590 766 1647 florentis
804 1589 845 1646 fui
874 1589 1048 1664 discipulus¹
1091 1605 1239 1664 praecep-

95 1700 193 1761 torum
214 1691 341 1764 plurima
363 1711 412 1751 me
436 1693 551 1750 debere
574 1692 717 1766 Adolpho
740 1691 821 1748 Metz
853 1699 883 1748 et
905 1691 1059 1748 Friderico
1083 1689 1238 1747 Schultess

96 1791 163 1848 viris
199 1793 326 1866 egregiis
367 1804 455 1867 grato
496 1794 597 1850 auimo
634 1793 684 1850 hic
713 1792 871 1868 profiteor;
912 1809 1013 1866 neque
1045 1791 1239 1848 Hermannus

15 1964 18 1969 Ι
99 1892 257 1961 Schrader,
286 1894 372 1952 cuius
396 1896 490 1952 docta
506 1895 731 1952 consuetudine
747 1902 778 1949 et
793 1893 1010 1951 adhortatione
1025 1894 1116 1950 etiam
1131 1900 1240 1967 postea

99 1995 143 2050 uti
176 1994 248 2051 mihi
281 1996 372 2068 licuit,
410 2006 526 2071 quanta
559 2013 680 2070 semper
712 2012 785 2068 erga
820 2013 869 2050 me
900 1994 988 2052 fuerit
1017 1993 1240 2070 benevolentia,

97 2113 242 2170 umquam
270 2096 439 2154 obliviscar.

201 2196 383 2255 Maturitatis
419 2200 592 2256 testimonio
621 2199 787 2256 instructus
810 2218 880 2256 vere
912 2217 939 2258 a.
962 2197 1138 2255 LXXXVII
1161 2197 1241 2254 Bon·

98 2315 170 2354 nam
192 2316 242 2354 me
264 2299 386 2367 contuli,
415 2300 468 2356 ubi
490 2300 549 2357 huc
573 2317 669 2374 usque
691 2300 798 2357 studiis
826 2299 987 2374 philologis
1010 2317 1135 2374 operam
1158 2299 1241 2355 dedi.

103 2398 273 2455 docuerunt
294 2417 343 2456 me
365 2400 418 2456 viri
442 2401 597 2458 clarissimi
626 2401 749 2457 Bender
775 2401 944 2458 Buecheler
978 2399 1065 2456 Dove
1099 2401 1242 2456 Foerster

103 2499 196 2557 Grale
216 2495 363 2558 RKelrule
386 2501 479 2577 Lipps
501 2501 680 2559 Loeschclre
702 2500 800 2560 Nasse
818 2502 930 2559 Nissen
944 2501 1095 2576 Mangold
1116 2500 1242 2558 Martius

101 2601 225 2657 Reusch
242 2601 367 2660 Vsener.
411 2604 520 2676 insigni
537 2603 715 2660 Buecheleri
732 2603 898 2660 Luebberti
913 2602 1040 2660 Vseneri
1063 2601 1243 2658 liberalitate

102 2702 281 2760 factumest
304 2711 336 2759 ut
364 2704 394 2760 in
422 2704 613 2760 seminarium
643 2706 759 2779 regium
786 2704 1010 2779 philologorum
1034 2696 1244 2759 Bonnensium

102 2804 261 2878 reciperer,
291 2805 375 2860 cuius
400 2823 455 2879 per
479 2815 587 2878 quater
609 2823 663 2861 sex
685 2823 807 2862 menses
842 2805 884 2862 fui
917 2805 1031 2862 sodalis
1064 2804 1245 2862 ordinarius.

104 2905 135 2960 in
160 2905 353 2961 seminarium
376 2905 550 2962 historIcum
573 2906 724 2962 benevole
746 2924 796 2971 me
819 2905 942 2963 admisit
964 2905 1087 2963 Nissen.
1132 2904 1247 2960 exerci-

106 3005 273 3062 tationibus
296 3013 330 3062 ut
349 3006 527 3064 interessem
548 3007 682 3079 benigne
712 3017 930 3064 concesserunt
951 3005 1110 3082 philologis
1131 3013 1162 3062 et
1183 3004 1247 3080 epi·

105 3106 256 3182 graphicis
282 3106 460 3180 Buecheler,
495 3107 706 3183 archaeologis
728 3106 855 3176 Kekulc,
893 3106 1083 3183 philosophis
1109 3106 1247 3174 Martius

104 3208 266 3283 philologis
297 3208 463 3278 Schwartz,
500 3209 650 3266 hebraicis
690 3208 810 3268 Budde.
870 3209 976 3284 quibus
1006 3208 1073 3264 viris
1107 3207 1248 3265 omnibus

105 3310 234 3383 gratiam
263 3310 363 3367 habeo
390 3309 562 3386 maximam,
590 3310 744 3384 inprimis
768 3327 840 3366 vero
863 3308 1042 3366 Buecheleri
1065 3316 1096 3364 et
1119 3306 1249 3364 Vseneri

106 3397 281 3468 memoriam
303 3420 391 3484 grato
415 3427 537 3486 semper
558 3412 671 3486 pioque
697 3412 796 3468 colam
821 3410 932 3470 animo
