2678 4732
651 203 684 254 10

92 385 173 440 enim
207 385 395 441 credendum
431 392 476 441 est
508 381 754 458 Theophrastum
789 382 968 437 discessisse
1002 381 1031 435 in
1065 381 1123 436 hae
1156 399 1189 435 ro
1220 400 1239 437 a

92 486 266 543 narratione
290 485 461 542 Aristotelis
483 484 513 543 h.
538 503 564 542 a.
587 483 661 541 VIII
685 484 734 551 28,
768 483 825 541 157
848 500 877 555 p.
902 477 978 540 605b
1005 483 1041 539 31
1066 478 1117 540 καὶ
1140 479 1177 541 ἐν
1200 482 1237 561 τῇ

93 582 227 664 Βοιωτίᾳ
250 581 430 645 ἀιπάλακε(
454 581 524 657 περὶ
547 582 604 657 μὲν
635 579 695 666 τὸν
714 569 911 657 Ὀρχομενὸν
943 579 1058 642 πολλοὶ
1084 579 1237 657 γίνονται,

91 683 126 746 ἐν
152 685 187 746 δὲ
211 688 249 764 τῇ
279 682 456 763 Λεβαοιακῄ
493 680 656 763 γειτνιώιῃ
690 679 749 742 οὐκ
771 662 846 743 dciv
868 679 935 742 οὐδ’
970 678 1009 743 ἄν
1042 701 1087 742 τι(
1115 681 1237 763 κομίτῃ,

92 784 252 848 ἑθέλουειν
275 783 428 861 ὀρύττειν.
460 787 532 862 quin
555 787 648 842 etiam
670 786 827 841 nominare
854 801 1017 858 possumus
1047 802 1132 840 veros
1162 803 1235 841 auc·

93 898 190 946 tores:
213 890 343 963 priorem
364 897 482 963 partem
505 888 569 944 siue
602 887 695 942 dubio
719 885 923 959 Theopompo
947 870 1236 958 debet'Antigonus

92 990 158 1047 coll.
183 979 335 1069 [Aristot]
359 989 421 1046 mir.
446 1007 527 1047 ausc.
554 990 664 1055 erat,
687 987 813 1042 alteram
838 985 965 1042 Timaeo
989 985 1055 1042 coll.
1070 985 1141 1044 ibid.
1159 1003 1184 1044 c,
1199 987 1236 1044 83

91 1100 122 1146 et
145 1089 237 1149 Diod.
259 1089 302 1146 IV
327 1090 374 1166 17,
399 1094 425 1149 3.

168 1170 351 1264 'Reliquum
386 1200 432 1247 est
464 1200 496 1246 ut
544 1208 717 1264 separemus
756 1189 924 1264 fragmenta
961 1189 1024 1246 libri
1062 1185 1136 1261 περὶ
1172 1187 1238 1247 τῶν

93 1286 219 1365 ἀθρόως
236 1287 442 1365 φαινομένων
460 1308 478 1345 a
495 1291 568 1346 libro
593 1287 666 1365 περὶ
683 1289 749 1349 τῶν
773 1284 971 1372 αὐτομάτων.
1006 1308 1042 1346 ac
1064 1290 1167 1345 statim
1192 1290 1237 1345 in-

94 1393 220 1468 telleges
244 1394 345 1449 omnia
367 1392 535 1466 fragmenta
550 1392 642 1449 Rosei
666 1386 709 1466 (p.
732 1387 914 1464 334-337)
940 1391 1145 1447 adscribenda
1168 1407 1237 1446 esse

95 1494 169 1549 libro
192 1490 263 1567 περὶ
285 1494 349 1553 τῶν
373 1488 497 1567 ἀθρόως
520 1490 725 1568 φαινομένων
750 1501 869 1567 praeter
893 1511 986 1548 unum
1008 1492 1093 1565 quod
1108 1491 1239 1547 servavit

96 1595 268 1668 Antigonus
290 1596 356 1651 hist.
381 1596 445 1651 mir.
469 1614 495 1654 c.
522 1596 558 1653 19
583 1590 601 1654 ὁ
627 1591 655 1652 δ’
675 1590 896 1668 Ἀμιττοτέλη(
920 1590 971 1652 καὶ
995 1588 1029 1651 ἐκ
1051 1591 1116 1652 τῶν
1138 1608 1237 1666 ocup-

98 1692 194 1771 βμίων
227 1693 303 1771 φητὶ
335 1693 499 1756 (αιτέντων
535 1693 703 1769 (κομπὶοαι
735 1693 882 1767 νίνειθαι,
917 1714 984 1752 cum
1022 1713 1074 1770 per
1105 1712 1238 1751 errorem

98 1797 269 1853 Aristotelis
293 1814 405 1853 nomen
427 1816 482 1871 pro
506 1797 741 1871 'l‘heophrasteo
766 1806 902 1870 poneret.

192 1899 255 1955 lam
278 1900 319 1956 ad
342 1899 399 1955 alia
423 1908 619 1958 transeamus.
653 1917 730 1955 unus
756 1907 803 1954 est
819 1899 896 1954 inter
920 1897 1170 1971 Theophrasteos
1195 1898 1235 1951 de

93 2000 272 2056 animalibus
303 1991 394 2056 libros
421 2001 504 2056 cuius
536 2017 637 2073 neque
661 1999 778 2056 Roseus
812 2000 873 2055 ulla
897 1999 1031 2073 proferat
1067 1997 1239 2070 fragmenta

92 2120 189 2176 neque
211 2101 303 2157 ullum
325 2103 502 2158 nominatim
522 2102 669 2159 tradatur:
709 2102 782 2157 liber
815 2098 887 2174 περὶ
923 2099 1012 2180 ζῴων
1048 2096 1235 2174 φρονήεεω(

92 2199 143 2262 καὶ
165 2197 272 2275 ἤθουε.
302 2203 407 2258 mirum
430 2202 568 2276 profecto
592 2212 682 2270 esset,
707 2203 731 2258 si
745 2202 832 2258 huius
855 2203 1056 2258 eruditionem
1073 2219 1135 2256 uon
1152 2202 1238 2276 expi-

91 2305 205 2362 lassent
229 2303 418 2376 Pythagorici
446 2304 628 2377 posteriores
650 2312 683 2360 et
705 2303 864 2368 Platonici,
898 2313 931 2359 ut
953 2320 1035 2360 suam
1061 2301 1232 2358 doctrinam

94 2422 154 2478 qua
177 2413 310 2461 mentem
335 2404 514 2461 animalibus
538 2423 659 2478 quoque
689 2405 859 2461 tribuebant
888 2406 1148 2472 demonstrarent;
1182 2404 1239 2458 mi·

92 2523 272 2579 rumpono,
296 2507 321 2561 si
343 2506 384 2560 ad
407 2505 496 2561 talem
519 2505 623 2561 librum
646 2524 709 2561 non
732 2505 880 2562 adiissent
904 2521 1009 2560 ornnes
1033 2505 1084 2578 qui
1102 2504 1237 2577 qualem·

93 2624 214 2680 cunque
238 2609 277 2663 ad
300 2607 389 2662 linem
417 2606 580 2663 sollertiam
603 2607 776 2663 animalium
796 2607 984 2682 praedicant,
1008 2615 1040 2662 ut
1057 2605 1236 2662 Plutarchus

94 2706 238 2763 Aelianus
267 2707 352 2763 multi
380 2707 438 2764 alii.
486 2707 532 2763 vel
552 2706 671 2763 Stoicos
694 2709 759 2764 eius
782 2725 856 2782 opes
888 2725 948 2764 non
983 2707 1158 2781 repudiasse
1189 2724 1238 2762 su-

93 2808 226 2882 spiceris,
250 2817 282 2864 ut
305 2809 427 2882 egregie
449 2809 598 2864 mundum
619 2827 637 2864 a
660 2810 706 2865 dis
729 2809 931 2866 administrari
952 2802 1145 2883 probarentl.
1169 2824 1230 2882 quo

91 2908 180 2981 igitur
201 2909 261 2964 veri
284 2917 330 2966 est
353 2909 476 2966 similius
500 2911 583 2983 apud
605 2919 745 2983 posteros
762 2911 923 2985 scriptores
942 2910 1029 2966 huius
1052 2909 1116 2965 libri
1139 2909 1228 2964 vesti·

92 3009 142 3082 gia
165 3009 267 3085 latere,
291 3027 329 3065 eo
345 3010 438 3085 magis
459 3019 505 3066 est
523 3011 700 3077 dolendum,
733 3012 817 3084 quod
840 3030 908 3067 eum
934 3011 1033 3069 desint
1061 3010 1233 3085 fragmenta

92 3109 270 3166 nominatim
293 3111 406 3185 adlata,
437 3111 519 3168 omni
553 3111 636 3166 unde
658 3111 883 3183 proficiscamur
912 3113 940 3167 in
969 3112 1026 3167 hac
1054 3111 1236 3185 quaestione

94 3210 292 3266 fundamento
316 3210 418 3267 adhuc
440 3229 584 3267 caremus
613 3211 672 3267 hoc
695 3212 775 3285 prius
800 3213 856 3268 erit
871 3213 1044 3269 iaciendum
1068 3230 1159 3286 quam
1183 3214 1236 3267 de—

93 3312 276 3368 scendamus
296 3313 337 3368 ad
358 3313 534 3386 posterioris
559 3314 625 3371 aevi
649 3314 819 3387 scriptores
843 3315 892 3388 qui
908 3314 1016 3370 sedulo
1031 3313 1130 3370 multis
1144 3313 1236 3368 inter-

94 3414 270 3469 cedentibus
288 3415 461 3471 auctoribus
478 3417 613 3490 undique
630 3417 836 3489 congerebant
851 3416 1045 3490 multiplicem
1060 3415 1235 3470 animalium

92 3514 240 3571 notitiam.
258 3524 338 3570 --et
360 3516 508 3589 contingit
529 3517 586 3572 nisi
609 3535 679 3590 spes
702 3536 752 3573 me
772 3516 846 3572 fallit
862 3517 973 3574 certius
989 3517 1101 3588 aliquid
1117 3516 1232 3572 dehoc

92 3614 166 3671 libro
190 3632 302 3674 eruere.
344 3617 456 3672 etenim
478 3616 611 3673 animum
641 3619 833 3674 advertamus
856 3619 897 3673 ad
926 3636 1039 3674 nonum
1063 3618 1234 3674 Aristotelis

92 3714 236 3772 historiae
259 3717 432 3774 animalium
455 3718 569 3786 librum,
594 3737 683 3793 quem
699 3719 860 3791 Stagiritae
885 3736 945 3774 non
968 3735 1037 3775 esse
1060 3736 1137 3792 opus
1161 3737 1232 3774 con-

93 3812 183 3874 stat2.
212 3817 272 3873 iam
288 3817 457 3893 Dittmeyer
479 3813 511 3895 (l.
528 3820 543 3875 l.
559 3839 587 3893 p.
605 3815 677 3898 llil)
703 3838 771 3876 cum
793 3821 892 3877 obiter
914 3828 1054 3891 tangeret
1077 3820 1231 3892 quaestio-

192 4073 202 4110 1
222 4077 253 4128 cf.
271 4076 324 4128 Cic.
343 4078 369 4128 d.
388 4084 440 4128 nat.
460 4079 532 4130 deor.
552 4077 640 4143 1147,
661 4077 710 4130 121
732 4096 788 4144 sqq.

192 4161 204 4198 2
222 4166 253 4216 cf.
272 4165 415 4230 Dittmeyer
432 4164 553 4218 Bluetter
571 4165 592 4230 f.
606 4165 631 4217 d.
651 4167 739 4234 boyer.
754 4166 948 4234 Gyrrrnusialw.
963 4169 1063 4216 XXIII
1082 4185 1106 4231 p.
1122 4167 1234 4225 tlt-Iu,

92 4251 207 4319 65-79,
227 4252 375 4317 lto-161,
406 4255 448 4303 cui
470 4271 592 4306 assensus
617 4263 654 4306 est
673 4255 759 4306 Zeller
783 4255 933 4323 compendii
953 4255 1049 4323 philos.
1068 4271 1109 4322 pr.
1129 4254 1167 4307 erl.
1182 4255 1236 4307 ΠΙ

91 4340 186 4410 (1889)
205 4359 230 4408 p.
251 4341 309 4395 150.
