2678 4732
667 220 683 273 7

99 410 322 488 διαιτωμένων
332 408 351 470 ¹.
376 428 435 484 quo
460 429 527 466 cum
551 429 686 485 pugnare
709 410 828 465 videtur
849 410 1068 483 Aristophanes
1088 410 1246 484 Byzantius

99 534 129 590 p.
156 517 204 588 29,
228 516 267 572 20
290 514 324 570 L.
348 512 455 589 (Rosei
477 530 506 585 p.
532 506 605 586 371)
635 510 787 585 μαρτυρεῖ
816 509 852 570 δὲ
884 506 1091 586 Θεόφραετο(
1123 510 1248 584 λέγοντι

98 601 309 689 Ἀμιετοτέλει
332 608 409 673 ἄνευ
433 608 540 687 ὀχεία(
561 608 700 682 γίνεεθαι
723 609 782 671 τὸν
804 608 980 685 λεγόμενον
1000 608 1121 688 Ὄαριν
1145 611 1246 694 ἐντῷ

99 712 234 793 πέμπτῳ
257 714 321 774 τῶν
343 711 415 788 περὶ
436 712 537 793 ῑῴων.
575 713 634 769 hoc
657 730 731 769 sane
753 730 815 769 non
838 714 938 788 potuit
960 716 1045 789 tangi
1059 716 1090 770 in
1106 734 1145 771 eo
1161 716 1246 775 libro.

100 817 234 874 sortasse
258 816 473 890 Aristophanes
504 816 627 889 respicit
653 817 695 871 ad
725 833 777 872 sex
800 817 891 872 libros
925 813 1085 890 ἐπιτομῶν
1107 803 1246 892 'Aptero-

99 915 215 977 τέλοα(
238 915 311 991 περὶ
334 916 434 996 Ζῲων,
457 918 488 972 id
512 919 596 991 quod
616 918 681 990 ipsa
704 918 874 973 sententiae
897 917 995 973 forma
1016 919 1146 975 suadere
1162 919 1246 974 vide·

99 1028 159 1076 tur.
193 1021 292 1092 potuit
320 1020 360 1074 ibi
383 1018 609 1093 Theophrastus
638 1036 718 1073 novo
748 1018 887 1091 exemplo
912 1019 1082 1075 Aristotelis
1110 1021 1150 1075 de
1181 1021 1245 1076 ovis

99 1123 242 1180 inanibus
265 1122 437 1177 doctrinam
460 1120 646 1178 confirmare.
682 1130 713 1175 at
736 1128 838 1176 tamen
864 1121 905 1175 ad
928 1119 1076 1193 liquidum
1099 1120 1176 1178 haec
1197 1139 1244 1178 res

52 1290 57 1297 Ι
99 1225 227 1298 perduci
248 1223 363 1296 nequit.

201 1324 327 1380 Meliore
359 1323 486 1380 scientia
519 1322 657 1378 instructi
690 1339 792 1377 sumus
816 1322 855 1377 de
878 1332 1057 1396 argumento
1090 1331 1120 1378 et
1142 1322 1245 1378 indole

98 1426 296 1501 plurimorum
317 1424 468 1481 librorum.
512 1424 627 1498 posteri
649 1424 731 1479 enim
752 1423 914 1498 scriptores
947 1441 1008 1478 non
1030 1425 1129 1479 minus
1155 1442 1247 1498 saepe

99 1545 193 1602 quam
217 1526 409 1583 Aristotelem
432 1524 487 1581 hos
505 1523 711 1598 Theophrasti
734 1524 824 1580 libros
847 1525 878 1579 in
899 1542 986 1580 usum
1010 1542 1096 1581 suum
1119 1541 1246 1582 vocave-

98 1623 196 1687 runr2.
236 1627 406 1700 fragmenta
430 1645 468 1681 ex
492 1626 526 1682 iis
551 1626 675 1700 egregie
699 1624 820 1700 collegit
842 1626 964 1682 Roseus
987 1626 1081 1684 Arist.
1104 1629 1246 1701 Pseudep.

97 1747 129 1803 p.
146 1730 206 1787 327
230 1746 294 1803 sqq.
319 1730 375 1784 sed
397 1727 439 1782 vir
455 1727 504 1782 ille
523 1727 716 1783 doctissimus
735 1744 772 1780 eo
790 1743 898 1797 errore,
923 1729 1008 1799 quod
1031 1736 1149 1802 septem
1164 1729 1246 1785 solos

98 1829 191 1885 libros
208 1830 247 1884 de
273 1828 451 1886 animalibus
471 1829 626 1902 scripsisse
642 1827 889 1901 Theophrastum
905 1823 1051 1901 putaviti,
1076 1838 1245 1887 commotus

97 1947 169 1986 esse
192 1931 318 2003 viderur,
341 1940 374 1986 ut
397 1930 501 1986 titulos
524 1926 596 2003 περὶ
620 1924 837 2002 ἑτεροφωνίας
861 1929 925 1988 τῶν
945 1924 1111 2002 ὁμογενῶν
1128 1939 1160 1986 et
1174 1927 1245 2005 περὶ

97 2032 165 2090 τῶν
188 2029 268 2090 κατὰ
291 2027 412 2091 τόπου(
432 2031 599 2105 διαφορῶν
628 2031 762 2086 eundem
785 2030 892 2086 librum
915 2029 1084 2104 significare
1119 2043 1246 2089 conten·

97 2134 188 2189 deret
210 2141 302 2206 atque
324 2134 437 2189 eodem
459 2133 552 2188 modo
576 2132 691 2189 indices
713 2127 786 2204 περὶ
809 2129 873 2189 τῶν
888 2125 1013 2205 ἀθρόως
1038 2131 1243 2208 φαινομένων

97 2243 130 2289 et
152 2230 224 2306 περὶ
245 2233 311 2293 τῶν
334 2229 523 2308 αὐτομάτων
546 2233 754 2305 coniungeret.
791 2250 869 2306 quae
904 2235 1057 2289 sententia
1091 2253 1192 2309 neque
1226 2255 1243 2292 a

95 2335 203 2391 Roseo
225 2336 353 2408 probata
376 2343 422 2391 est
445 2351 547 2408 neque
576 2334 700 2389 omnino
723 2332 843 2406 probari
865 2342 976 2407 potest.
1016 2337 1130 2392 etenim
1152 2355 1241 2411 quem

96 2436 147 2493 ille
185 2435 286 2492 adfert
316 2436 347 2490 in
371 2436 462 2493 Arist.
496 2435 601 2508 fragm.
635 2435 684 2492 ed.
709 2433 826 2491 Teuhn.
851 2430 961 2510 (1886)
992 2454 1021 2510 p.
1046 2439 1102 2494 251
1143 2439 1241 2496 locum

95 2537 272 2594 Aristotelis
295 2537 325 2592 h.
344 2554 370 2592 a.
396 2535 468 2591 VIII
491 2537 540 2604 28,
565 2537 623 2593 156
644 2553 673 2608 p.
697 2526 773 2593 605b
798 2536 836 2592 22
854 2552 929 2611 sqq.‚
953 2537 977 2591 is
1011 2538 1173 2596 adumbrat
1196 2558 1243 2595 ar-

94 2647 277 2713 gumentum
300 2639 363 2694 libri
378 2634 450 2712 περὶ
465 2637 529 2697 τῶν
544 2632 625 2695 κατὰ
640 2630 760 2696 τόπου(
777 2637 962 2710 διαφορῶν;
984 2639 1024 2693 de
1041 2633 1243 2718 ἑτεροφωνίᾳ

94 2749 201 2798 autem
224 2740 288 2799 τῶν
313 2734 478 2813 ὁμογενῶν
500 2738 572 2794 nihil
596 2738 636 2794 ibi
659 2739 814 2811 reperitur.
845 2756 898 2812 per
920 2755 954 2793 se
976 2738 1164 2814 intellegitur
1198 2761 1243 2799 ar·

92 2848 273 2917 gumentum
304 2841 369 2897 libri
397 2841 448 2914 qui
471 2838 645 2895 animalium
678 2839 847 2895 secundum
869 2839 936 2894 loca
957 2839 1143 2898 differentias
1166 2853 1242 2900 trac·

196 3022 205 3058 ¹
230 3025 245 3076 ἕ
263 3025 417 3074 deleverunt
445 3024 615 3073 Casaubonus
643 3031 667 3072 et
694 3023 847 3074 Kaibelius.
884 3025 952 3073 iusta
976 3040 1052 3074 causa
1075 3041 1128 3074 non
1158 3027 1241 3078 adest.

92 3118 264 3179 interpretare
285 3115 352 3163 enim
371 3113 434 3162 libri
453 3112 668 3175 significationem
689 3111 735 3162 sic:
766 3112 793 3160 in
813 3113 904 3178 qulnto
923 3113 994 3162 libro
1015 3129 1049 3164 sc.
1069 3115 1132 3179 περὶ
1151 3114 1241 3180 luitur,

92 3205 136 3254 cni
154 3205 307 3253 inscribitur
326 3205 389 3269 περὶ
408 3206 467 3255 τῶν
485 3203 515 3254 ἐν
533 3207 575 3270 τῷ
595 3204 670 3269 ξηρῷ
691 3202 894 3266 διαιτωμένων.

194 3288 206 3326 ²
224 3293 356 3357 utriusque
375 3293 480 3342 nomina
500 3307 578 3357 saepe
597 3292 665 3340 inter
684 3307 712 3341 se
731 3299 929 3343 commutarunt.
958 3293 1092 3341 retinenda
1112 3293 1181 3341 enim
1200 3299 1240 3341 est

93 3383 179 3433 Rosei
199 3382 324 3431 sententia
343 3381 408 3445 (1.1.
428 3396 453 3446 p.
474 3379 526 3433 tis
546 3396 594 3446 sq.‚
615 3379 678 3445 280)
704 3387 795 3428 contra
818 3380 948 3429 Heitzium
968 3377 1134 3446 deperditis
1152 3378 1239 3432 Arist.

92 3469 208 3536 scriptis
227 3487 252 3535 p.
269 3468 320 3521 228
339 3477 364 3518 et
383 3469 587 3527 commendatur,
614 3470 636 3516 si
656 3469 721 3533 quid
741 3469 828 3535 video,
854 3484 908 3517 non
931 3469 1011 3517 modo
1037 3485 1068 3518 eo
1093 3471 1164 3534 quod
1188 3472 1240 3519 iam

92 3560 318 3627 bybliothecarios
339 3559 536 3609 Alexandrinos
562 3573 639 3623 saepe
663 3559 695 3607 de
720 3566 823 3608 auctore
848 3558 909 3606 libri
929 3558 1037 3607 alicuius
1056 3558 1178 3616 dubitare
1197 3568 1241 3609 aut

94 3666 180 3699 errare
199 3648 323 3716 videmus,
347 3650 394 3698 sed
422 3648 499 3697 etiam
520 3663 552 3696 eo
573 3648 643 3712 qnod
663 3647 855 3712 Aristophanes
875 3647 1015 3707 Byzantius
1040 3647 1066 3695 in
1085 3649 1239 3698 Aristotelis

93 3741 128 3789 de
153 3738 309 3787 animalibus
336 3738 463 3786 librorum
488 3737 600 3801 epitome
628 3736 826 3800 Theophrastea
859 3751 916 3784 cum
939 3736 1108 3785 Aristoteleis
1133 3740 1236 3803 saepius

92 3827 207 3886 miscuit,
231 3827 262 3877 cl.
287 3825 372 3891 suppl.
400 3825 482 3874 Arist.
502 3826 516 3872 I
538 3824 551 3876 1
578 3825 619 3875 ed.
648 3825 775 3873 Lambros
812 3824 890 3890 praef.
915 3840 940 3888 p.
959 3825 1028 3872 XIV
1051 3834 1076 3874 et
1098 3842 1123 3890 p.
1144 3826 1184 3893 10,
1214 3829 1240 3880 8.

92 3931 181 3981 neque
204 3931 265 3963 vero
290 3915 312 3962 si
336 3915 363 3962 in
382 3914 513 3976 Antigoni
537 3912 598 3963 hist.
618 3913 674 3962 mir.
695 3929 716 3962 c.
738 3911 779 3975 19,
799 3909 841 3970 90,
862 3910 896 3962 95
915 3912 1067 3962 Aristotelis
1087 3930 1134 3978 pro
1153 3916 1238 3965 Theo·

92 4005 216 4070 phrasteo
235 4019 328 4052 nomen
348 4003 502 4068 invenimus,
530 4001 580 4050 hoc
599 4018 656 4050 cum
675 4001 818 4049 Schradero
840 3998 946 4062 (orinal.
964 3999 1057 4066 pltilol.
1076 4001 1110 4053 97
1130 4020 1154 4068 p.
1174 4003 1238 4071 221)

91 4094 130 4143 ita
148 4092 342 4157 explicabimus,
367 4098 396 4139 ut
413 4090 582 4139 Aristotelem
603 4092 654 4139 iam
674 4107 688 4138 α
706 4090 887 4154 Theophrasto
913 4090 1074 4140 nominatum
1094 4107 1152 4140 esse
1171 4093 1239 4142 dica·

92 4197 161 4239 mus,
181 4196 239 4229 cum
258 4195 384 4246 nmquam
403 4181 431 4228 id
450 4181 543 4229 factum
563 4195 621 4228 esse
640 4179 719 4244 plane
737 4178 892 4228 nesciamus.

195 4265 257 4320 θεέ.
282 4267 313 4321 tle
333 4267 421 4320 Arist.
447 4267 507 4320 libr.
530 4267 588 4318 arn
616 4272 697 4333 nique
723 4271 792 4317 aerei.
812 4283 837 4331 p.
857 4266 898 4324 lt,
921 4266 968 4318 si:
1001 4266 1084 4318 Arist.
1107 4266 1238 4334 Psemirp.

93 4374 120 4423 p.
140 4356 200 4409 2ῖ8.
