2678 4732
676 203 712 258 48

122 386 324 442 mutationem
347 386 409 442 lieri
431 405 524 462 posse
545 389 714 445 mutatione
736 388 872 455 seminis;
896 386 933 446 cf.
958 388 987 446 d.
1012 404 1097 445 caus.
1120 387 1158 461 pl.
1177 385 1224 443 IV
1241 386 1273 463 4,

123 490 139 545 ‘l
158 505 222 560 sqq.
245 486 275 545 iu
298 487 356 544 hoc
378 489 598 545 sententiarum
620 507 738 546 conexu
760 488 787 546 h.
803 490 842 563 pl.
858 489 886 544 ll
908 492 937 561 4,
961 490 980 545 4
1002 506 1071 544 cum
1092 488 1273 563 plantarum

122 589 341 645 mutationibus
379 597 573 663 comparatur
605 591 690 665 quod
724 591 869 666 accipiter
901 598 1035 647 mutatur
1063 590 1094 646 iu
1120 608 1274 664 upupam.

122 689 205 745 aliud
228 690 411 762 serpentium
432 707 529 762 genus
552 691 583 746 in
605 691 696 749 aliud.
741 700 844 766 atque,
866 692 949 765 quod
969 690 1185 765 gravissimum
1211 700 1272 759 est,

122 793 152 848 in
175 791 434 866 comparationem
458 799 582 848 vocatur
598 793 688 848 etiam
704 793 865 868 papilionis
887 793 1056 870 generati0,
1080 808 1272 867 quamquam

122 912 186 950 rem
208 911 277 949 esse
299 893 398 967 paullo
421 893 512 950 aliam
534 895 720 954 conceditur.
754 895 940 969 papilionem
955 903 1058 951 autem
1075 887 1272 967 αὐτομάτως

122 995 183 1052 fieri
208 1003 326 1050 veteres
343 995 498 1050 censuisse
525 1004 608 1052 certo
632 996 778 1070 colligitur
800 1014 838 1052 ex
863 997 985 1052 Aristot.
1010 997 1039 1054 h.
1063 1015 1090 1054 a.
1109 994 1138 1050 V
1158 997 1208 1067 19,
1229 993 1272 1053 93

122 1098 200 1153 et95
216 1115 243 1170 p.
258 1098 332 1153 551a
348 1101 361 1153 1
378 1113 443 1172 sqq.
464 1105 495 1152 et
514 1099 551 1154 13
569 1114 633 1170 sqq.
680 1095 779 1152 finitur
800 1105 863 1152 tum
886 1083 1141 1171 totadisputatio
1165 1096 1270 1153 verbis

123 1192 190 1256 ἀλλ’
215 1194 317 1258 ἐκεῖνο
340 1194 501 1274 ςυμβαίνει
522 1195 594 1272 περὶ
615 1196 655 1257 τὰ
677 1195 794 1272 δένδρα
818 1195 870 1256 καὶ
890 1193 976 1258 ὅλως
991 1197 1095 1258 πάτον
1110 1195 1170 1271 τὴν
1185 1192 1271 1272 ὕλην

203 1294 283 1358 ὥςτε
315 1294 554 1372 αὐτομάτην
583 1295 848 1373 μεταβλαςτάνειν
874 1298 1049 1373 μεταβολῆς
1072 1314 1158 1359 τινος
1182 1315 1271 1369 γινο-

123 1396 218 1472 μένης
246 1395 281 1458 ἐκ
302 1399 366 1460 τῶν
389 1396 548 1475 οὐρανίων
571 1397 729 1474 τοιαύτης.
774 1401 847 1474 quid
875 1397 988 1457 multa?
1032 1409 1065 1456 ut
1087 1400 1273 1475 plantarum,

123 1502 166 1556 ita
188 1501 279 1557 etiam
302 1501 367 1558 illas
389 1503 560 1559 animalium
589 1503 773 1559 mutationes
802 1503 937 1558 attribuit
960 1501 1192 1576 Theophrastus
1215 1520 1272 1575 ge·
1310 1478 1315 1487 Ι

123 1603 274 1658 nerationi
298 1603 418 1658 cuidam
434 1603 620 1677 aequivocae
636 1603 680 1660 vel
696 1611 777 1660 certe
793 1621 861 1660 cum
876 1605 916 1659 de
940 1603 1139 1675 generatione
1163 1604 1273 1678 aequi·

124 1721 199 1759 voca
222 1711 393 1776 quaereret,
427 1703 489 1759 illas
524 1721 646 1776 quoque
679 1722 860 1778 quocunque
895 1721 947 1760 eas
980 1703 1140 1777 explicavit
1172 1705 1272 1761 modo

125 1805 234 1876 tetigit.
278 1805 380 1876 itaque
411 1805 471 1860 veri
500 1805 531 1860 lit
562 1805 740 1861 simillimum
770 1807 842 1862 talia
871 1805 971 1879 qualia
1001 1812 1107 1861 extant
1136 1804 1168 1860 in
1194 1804 1273 1861 noui

124 1906 188 1961 libri
213 1922 236 1962 c.
253 1897 309 1962 49¹³
326 1914 472 1962 tractasse
495 1924 564 1962 eum
578 1907 609 1962 in
625 1907 700 1962 libro
715 1903 787 1980 περὶ
802 1907 866 1966 τῶν
882 1901 1072 1980 αὐτομάτων
1088 1903 1180 1985 Ζῴων
1191 1906 1211 1964 ¹.
1229 1937 1274 1946 -

124 2008 210 2083 quod
231 2010 271 2062 ad
292 2009 566 2065 demonstrandum
589 2010 739 2066 accedunt
762 2010 828 2068 alia.
866 2026 965 2066 rursus
989 2009 1029 2065 de
1051 2008 1159 2065 iisdem
1182 2009 1273 2082 plan·

124 2118 223 2166 tarum
246 2110 464 2166 mutationibus
480 2109 612 2184 loquitur
627 2110 859 2184 Theophrastus
876 2111 905 2167 d.
920 2126 1002 2167 caus,
1015 2108 1055 2183 pl.
1068 2108 1114 2166 IV
1125 2112 1154 2181 4,
1169 2112 1186 2166 5
1201 2127 1272 2184 sqq.

125 2210 288 2267 absolvitur
311 2210 387 2266 haec
410 2212 576 2285 disputatio
600 2230 626 2268 e.
645 2215 707 2279 5,7
732 2213 830 2268 verbis
859 2205 940 2271 ἀλλὰ
968 2206 1040 2283 περὶ
1061 2206 1118 2283 μὲν
1140 2205 1271 2271 τούτων

125 2308 160 2370 ἐν
187 2305 296 2369 ἄλλοις
323 2308 375 2371 διὰ
400 2307 557 2372 πλειόνων
584 2307 703 2386 εἴρηται
730 2309 782 2371 καὶ
811 2308 860 2372 ὅτι
886 2310 922 2371 δὲ
950 2307 1001 2370 καὶ
1028 2307 1101 2385 περὶ
1129 2306 1170 2370 τὰ
1202 2311 1273 2391 Ζῷα

124 2410 204 2472 κατὰ
234 2410 290 2486 μὲν
317 2409 372 2472 τὰς
400 2411 537 2483 γενέτεις
565 2410 712 2474 τοιοῦτόν
741 2432 769 2473 τι
796 2409 965 2488 ςυμβαὶνει,
994 2411 1197 2472 τελεςθειςών
1233 2410 1271 2473 δὲ

123 2513 187 2574 τῶν
202 2514 352 2574 νεοςςιῶν
368 2511 484 2591 οὐκέτι,
499 2513 582 2590 πλὴν
594 2511 681 2576 εἴτις
695 2512 752 2576 τὰς
768 2513 849 2575 κατὰ
864 2511 920 2574 τὰς
939 2510 1068 2589 ὄρνιθας
1084 2508 1272 2575 ἀλλοιωςεις

124 2611 189 2689 άμα
212 2615 280 2674 ταῑς
303 2612 400 2690 ὥραις
421 2614 590 2691 γινομένας
612 2615 707 2689 λέγοι.
731 2614 900 2690 φαίνονται
923 2613 958 2676 δὲ
981 2610 1073 2674 αὗταί
1094 2631 1131 2686 γε
1153 2610 1271 2676 τάθεςι

124 2716 245 2790 μᾶλλον
268 2713 374 2792 ὅμοιαι
397 2721 583 2794 ςωματικοῖς
605 2718 839 2797 ἢμεταβολαῑς.
871 2721 999 2795 primum
1014 2720 1108 2776 oritur
1124 2719 1271 2793 quaestio

126 2837 186 2891 quo
210 2819 258 2875 hic
279 2823 421 2896 respiciat
445 2824 579 2898 scriptor.
624 2833 706 2882 certo
729 2843 792 2880 non
818 2825 858 2879 ad
883 2823 980 2879 locum
1005 2823 1045 2878 de
1068 2838 1151 2878 caus,
1174 2819 1217 2894 pl.
1240 2818 1272 2876 II

128 2924 176 2988 16,
200 2927 228 2996 3,
256 2931 289 2977 ut
317 2924 409 2979 voluit
432 2924 579 2980 Kirchner
602 2925 619 2983 l.
636 2926 653 2982 l.
671 2943 699 2998 p.
717 2927 786 2982 460.
832 2923 946 2980 etenim
975 2922 1047 2979 nihil
1073 2922 1114 2978 ibi
1142 2922 1183 2977 de
1204 2921 1274 2977 ani·

125 3023 251 3080 malibus
273 3023 401 3097 legimus
424 3043 525 3098 neque
548 3026 671 3082 omnino
695 3027 786 3082 verba
812 3021 883 3099 περὶ
905 3020 1030 3083 τούτων
1058 3030 1200 3098 spectant
1228 3022 1272 3078 ad

126 3142 163 3179 ea
186 3142 265 3197 quae
287 3127 423 3199 proxime
445 3129 644 3195 antecedunt,
669 3129 725 3183 sed
742 3128 782 3183 ad
798 3127 899 3182 omnia
920 3144 998 3199 quae
1013 3133 1102 3182 antea
1124 3124 1274 3181 disseruit

126 3225 368 3299 Theophrastus.
413 3229 527 3285 maiore
552 3247 619 3285 cum
639 3230 702 3284 iure
726 3230 841 3301 cogites
865 3230 905 3284 de
928 3229 996 3284 loco
1019 3226 1047 3284 h.
1070 3226 1109 3300 pl.
1131 3223 1160 3280 ll
1186 3227 1215 3297 4,
1241 3229 1271 3299 4,

126 3330 182 3383 sed
207 3346 245 3383 ne
272 3328 320 3384 hic
343 3330 468 3404 quidem
490 3347 611 3404 prorsus
631 3333 797 3405 respondet
819 3331 854 3386 iis
878 3348 956 3403 quae
978 3328 1028 3384 illo
1044 3328 1111 3384 loco
1128 3325 1274 3382 dicuntur

127 3429 167 3484 de
190 3430 379 3486 animalibus.
423 3431 514 3487 immo
541 3449 603 3488 non
630 3433 721 3488 alium
750 3432 789 3486 de
811 3432 922 3506 plantis
950 3429 1058 3484 librum
1085 3426 1133 3483 hic
1156 3426 1275 3499 signifi·

127 3531 187 3584 cari
216 3540 297 3603 puto,
328 3533 384 3586 sed
415 3534 454 3588 de
485 3533 663 3589 animalibus
696 3534 857 3608 quendam.
903 3533 934 3586 id
958 3529 1003 3585 vel
1027 3547 1064 3584 ea
1087 3546 1133 3585 res
1158 3528 1274 3584 suadet

127 3633 211 3706 quod
239 3634 403 3707 praecipue
430 3634 471 3690 ibi
500 3653 670 3692 sermonem
699 3634 811 3691 iactum
839 3651 908 3690 esse
937 3633 977 3688 de
1000 3629 1179 3687 animalibus
1203 3629 1274 3702 ipsa

127 3733 219 3789 verba
241 3734 387 3792 indicant.
434 3744 497 3791 tum
523 3755 594 3792 vero
616 3737 714 3792 nullus
737 3736 812 3791 alius
837 3743 940 3809 potest
963 3732 1094 3805 intellegi
1117 3731 1175 3787 nisi
1196 3727 1274 3804 περὶ

127 3835 191 3894 τῶν
213 3830 402 3909 αὐτομάτων
424 3835 513 3916 Ζῴων
531 3838 611 3895 liber.
635 3839 689 3894 sed
712 3855 836 3911 quoquo
852 3837 946 3892 modo
962 3834 1040 3890 haec
1054 3851 1102 3889 res
1118 3850 1150 3889 se
1165 3832 1272 3901 habet,

126 3936 158 3992 id
183 3947 299 3993 certum
328 3947 374 3994 est
401 3941 493 3995 etiam
521 3940 568 3996 hic
594 3941 694 3996 avium
723 3940 894 3995 secundum
916 3938 987 3994 anni
1009 3945 1148 4008 tempora
1169 3943 1273 3990 muta-

127 4038 227 4094 tiones
251 4057 312 4094 una
336 4057 403 4095 cum
423 4041 626 4114 generationis
650 4041 833 4113 aequivocae
856 4039 958 4112 specie
981 4039 1114 4112 quadam
1135 4052 1272 4092 comme·

226 4258 414 4311 1Aristoteles
441 4264 518 4311 huius
548 4262 621 4311 modi
647 4261 815 4325 quaestiones
844 4260 930 4308 obiter
952 4259 1035 4322 tangit
1059 4258 1092 4306 de
1112 4274 1170 4321 gen.
1192 4257 1272 4310 anim.

126 4354 151 4404 v
170 4352 196 4420 u,
216 4351 248 4410 το
267 4369 291 4418 p.
311 4351 377 4404 vaca
392 4352 426 4405 aa
440 4369 497 4419 sqq.
1088 4333 1091 4343 '
