2678 4732
647 191 681 246 46

98 366 246 442 phrasteis
280 369 362 441 apud
389 367 463 427 Plin.
486 387 514 428 n.
538 368 567 427 h.
591 368 662 425 VIII
688 370 747 427 130
781 370 1027 429 invalidissimum
1053 384 1122 429 orso
1153 373 1236 443 capnt
1289 388 1292 393 ·

99 471 176 543 qnod
196 471 270 529 leoni
291 471 493 538 firmissimum
515 464 564 544 (ef.
589 487 618 544 p.
644 464 705 541 28).

197 570 277 626 Tum
300 588 324 627 c.
347 571 386 628 48
409 588 438 644 p.
463 572 573 629 631²8
599 589 664 645 sqq.
693 571 898 628 adnectuntur
925 571 1080 644 quaedam
1105 572 1147 628 de
1176 571 1239 628 del·

97 672 259 748 phinorum
282 672 416 729 moribus
441 682 471 728 et
504 674 648 748 sollertia,
682 690 762 746 quae
787 690 825 728 ex
848 672 1064 745 Theophrasto
1088 690 1114 732 c.
1138 673 1177 731 37
1201 672 1241 728 de

95 773 228 848 plscibus
252 774 475 831 narrationibus
498 776 572 832 addi
607 775 695 830 valde
718 782 765 831 est
800 774 965 848 probabile.
1009 790 1120 848 nempe
1157 775 1242 848 quod

97 875 137 930 de
166 874 301 948 delphini
331 875 464 932 moribus
497 877 697 933 adumbratur
731 872 747 950 ξ
776 877 834 934 239
864 895 893 950 p.
918 876 1030 933 63129
1053 871 1106 933 καὶ
1127 871 1167 947 δὴ
1191 870 1245 935 καὶ

96 972 178 1050 πρὸ(
200 975 315 1034 παῖδας
338 971 455 1050 ἔρωτες
478 973 529 1036 καὶ
554 973 712 1050 ἐπιθυμίαι
733 973 785 1036 καὶ
800 973 872 1050 περὶ
886 971 1035 1050 Τάραντα
1055 973 1107 1035 καὶ
1119 971 1244 1049 Καρίαν

96 1073 147 1134 καὶ
162 1071 280 1136 ἄλλου(
296 1072 423 1150 rotrone,
445 1078 476 1133 id
490 1077 720 1153 Theophrastus
743 1079 772 1133 in
796 1078 871 1133 libro
894 1077 943 1134 cui
967 1076 1140 1134 inscribitur
1162 1073 1246 1151 ἐρω-

96 1173 182 1236 τικό(
211 1177 328 1252 plenius
357 1180 506 1252 exposuit,
537 1180 587 1235 ubi
618 1179 730 1235 multus
765 1187 829 1235 erat
856 1180 887 1234 in
912 1178 1064 1236 amoribus
1086 1179 1167 1234 Inter
1188 1176 1247 1234 bo·

96 1279 192 1336 mines
215 1287 246 1334 et
273 1279 415 1336 anImalia
444 1281 648 1338 enarrandis¹.
690 1289 783 1354 atque
815 1280 940 1337 historia
966 1279 1016 1335 illa
1039 1277 1148 1336 Carica
1177 1279 1247 1335 sine

97 1381 192 1437 dubio
215 1397 252 1436 ea
275 1389 320 1438 est
342 1399 419 1456 quae
435 1383 612 1439 narrabatur
633 1383 673 1439 de
688 1399 784 1456 puero
807 1382 859 1437 illo
883 1398 920 1436 ex
942 1381 1028 1437 Iasso
1044 1375 1137 1437 urbe²
1159 1389 1247 1440 nato,

96 1482 182 1538 cuius
205 1482 285 1538 duae
306 1481 444 1539 diversae
467 1483 655 1540 narrationes
687 1483 775 1539 nobis
807 1490 900 1539 notae
922 1488 1007 1538 sunt:
1053 1480 1142 1537 unius
1171 1497 1249 1538 auc·

96 1591 144 1639 tor
178 1584 353 1640 nominatur
387 1583 477 1640 Duris
516 1585 555 1641 ab
586 1584 747 1642 Athenaeo
777 1583 850 1640 XHI
883 1602 910 1658 p.
939 1583 1015 1641 606ο
1045 1591 1077 1638 et
1110 1582 1248 1638 eandem

97 1684 244 1741 habemus
268 1685 350 1757 apud
373 1683 447 1740 Plin.
469 1703 498 1744 n.
512 1684 540 1743 h.
553 1684 647 1742 lxii
670 1685 700 1740 in
715 1685 815 1759 priore
830 1684 1012 1760 paragraphi
1025 1690 1113 1758 parte
1122 1678 1145 1750 3,
1168 1683 1248 1741 alte·

97 1786 157 1841 rius
180 1794 287 1842 auctor
321 1785 458 1842 adfertur
479 1786 707 1859 Hegesidemus
742 1804 760 1842 a
783 1784 877 1841 Plinio
900 1785 917 1844 l.
940 1781 979 1844 l.4
1001 1785 1057 1842 sed
1079 1783 1104 1840 si
1129 1783 1249 1843 Plinius

96 1887 195 1961 pergit
217 1884 232 1954 p*
256 1888 294 1944 28
317 1887 368 1946 hoe
395 1888 471 1946 idem
493 1892 530 1946 et
553 1889 704 1959 Nonpoeti
726 1887 867 1946 occidisse
896 1887 1112 1960 Theophrastus
1139 1888 1248 1946 tradit.

96 2005 147 2047 itae
168 1989 271 2046 modos
293 1989 495 2060 exemplorum.
541 1990 639 2047 eodem
661 1987 847 2060 Amphilochi
869 1991 896 2045 et
916 1987 1068 2046 Tarentini
1091 1986 1127 2044 de
1139 1989 1249 2058 pneris

97 2090 302 2163 delphinisque
334 2095 478 2159 narrant,
514 2108 577 2146 non
616 2090 698 2146 omni
734 2089 854 2144 videtur
893 2106 995 2146 carere
1028 2087 1248 2162 probabilitate

97 2189 344 2264 Theophrastum
366 2192 458 2247 etiarn
481 2191 560 2248 illam
585 2192 624 2246 de
647 2207 744 2265 puero
767 2189 901 2246 lassensi
923 2189 1057 2246 fabulam
1078 2197 1109 2245 et
1124 2187 1247 2246 Taren·

97 2292 227 2348 tinorum
254 2293 458 2349 narrationem
482 2308 747 2348 commemorasse.
795 2300 856 2347 tum
880 2307 952 2346 vero
975 2288 1248 2364 Theophrasteam

96 2392 241 2450 historiae
265 2391 391 2449 Caricae
422 2393 628 2450 narrationem
661 2401 737 2466 puto
771 2391 883 2448 servari
919 2391 1002 2466 apud
1025 2389 1179 2450 Plutarch.
1204 2392 1247 2448 de

94 2495 158 2553 soll.
182 2494 273 2552 anIm.
298 2512 322 2552 c.
347 2496 385 2552 36
408 2513 437 2568 p.
466 2494 553 2564 9840,
587 2493 637 2569 qui
670 2494 763 2549 etiarn
784 2510 808 2551 c.
833 2494 870 2550 18
893 2511 923 2566 p.
946 2483 1018 2548 97ss
1044 2493 1086 2548 de
1117 2493 1245 2550 concla-

93 2596 182 2652 matis
203 2595 256 2651 illis
279 2595 357 2651 Inter
377 2595 514 2653 homInes
546 2604 576 2652 et
603 2593 747 2650 anImaIia
772 2593 925 2649 amoribus
958 2593 1040 2650 illum
1073 2590 1248 2666 sequitu15·

91 2714 193 2771 neque
210 2698 289 2754 enim
312 2715 349 2752 ex
373 2698 486 2754 eodem
510 2697 593 2754 fonte
616 2695 813 2752 Plutarcheus
838 2694 923 2751 locus
947 2694 1033 2750 fluxit
1047 2703 1141 2767 atque
1157 2693 1251 2751 Plinii

92 2799 239 2855 narratio:
292 2799 381 2856 deest
427 2800 510 2874 apud
550 2797 745 2856 Plutarchum
776 2797 860 2870 pueri
899 2813 1021 2864 nomen,
1063 2795 1251 2853 adferuntur

93 2900 258 2956 testimonii
288 2900 355 2957 loco
383 2901 498 2957 nummi
531 2900 561 2957 in
594 2900 703 2973 quibus
736 2899 850 2955 incisus
892 2906 959 2954 erat
990 2914 1066 2971 puer
1099 2896 1250 2971 delphino

93 3001 209 3057 vehens
218 2997 238 3060 ⁶.

193 3102 253 3158 Sed
276 3102 325 3158 hle
350 3102 441 3157 finem
472 3101 627 3160 saclamus.
672 3120 746 3157 narn
780 3118 858 3175 quae
891 3107 1059 3174 sequuntur
1092 3098 1123 3155 in
1157 3118 1270 3158 nono·

94 3203 169 3259 libro
193 3221 253 3258 non
276 3204 336 3258 iam
359 3211 432 3277 apta
455 3214 525 3258 sunt
547 3210 727 3275 argumento
752 3202 816 3258 libri
839 3197 912 3275 περὶ
934 3199 1025 3280 Ζῴων
1049 3197 1248 3275 φρονήεεω(

93 3299 269 3380 καὶῆθου(
291 3321 392 3377 neque
415 3305 446 3359 ln
468 3303 571 3376 primis
596 3303 661 3358 eius
684 3303 834 3377 capitibus
856 3303 1003 3377 reperitur
1024 3301 1116 3358 ullum
1139 3301 1247 3361 Theo·

193 3562 203 3598 1
233 3565 265 3615 cs.
285 3564 384 3615 Athen.
402 3550 475 3613 ‘xnr
503 3581 528 3628 p.
548 3563 630 3626 conc,
659 3564 765 3614 Aerian.
786 3565 811 3613 v
830 3563 873 3627 ao,
901 3563 970 3612 Ptin.
991 3563 1035 3611 rx
1063 3561 1105 3622 aa,
1135 3563 1246 3614 census

94 3656 134 3703 VI
154 3653 177 3712 8,
198 3653 226 3719 23
246 3654 279 3704 cf.
300 3653 444 3702 Schneider
461 3654 530 3703 Saxo
550 3653 683 3717 Theophr.
703 3669 746 3718 op.
766 3653 856 3703 vol.V
875 3670 899 3717 p.
921 3651 1152 3718 199‚‘Urlicl1sius
1171 3649 1248 3704 ehre-

93 3741 216 3795 stonoih.
236 3740 311 3793 Plio.
330 3759 356 3806 p.
376 3739 434 3793 150.

191 3828 295 3881 2ααὶαε
315 3832 346 3881 de
365 3832 416 3880 situ
436 3833 468 3882 cs.
487 3833 582 3896 Polyb.
601 3832 672 3881 XVI
692 3829 733 3896 12,
747 3831 769 3881 1.
807 3833 840 3882 cf.
860 3831 937 3881 etiam
957 3835 991 3882 A.
1000 3830 1118 3879 Marxius
1139 3827 1248 3897 priech.

94 3920 240 3973 Maerchen
260 3928 308 3971 etc.
328 3938 353 3986 p.
375 3919 416 3972 13.
1038 3983 1041 3991 ²

193 4005 203 4042 ³
223 4011 253 4060 cf.
274 4011 392 4058 Marxius
410 4009 426 4060 1,
445 4010 462 4060 l.
482 4027 507 4073 p.
528 4009 561 4060 19
581 4026 637 4074 sqq.
657 4010 728 4056 idem
747 4009 807 4057 sons
828 4009 931 4060 subest:
957 4007 1113 4057 Athenaeus
1138 4007 1243 4060 scilicet

92 4114 146 4149 non
166 4099 270 4163 plenam
291 4099 399 4147 exhibet
417 4099 527 4147 Doridis
547 4099 729 4148 narrationem.

190 4182 203 4219 4
222 4189 253 4238 cf.
273 4187 390 4236 Marxius
410 4187 428 4237 l.
448 4188 466 4237 1,
486 4203 512 4251 p.
533 4186 567 4237 14
587 4204 624 4251 sq.

191 4271 203 4307 5
221 4276 254 4326 cf.
272 4274 331 4326 Ael.
350 4277 377 4324 V
397 4273 439 4327 29.

191 4360 202 4397 θ
218 4364 293 4415 aliter
310 4363 408 4414 iudicat
426 4363 543 4414 Marxius
563 4363 582 4416 I.
600 4364 618 4413 1.
636 4381 661 4430 p.
683 4361 724 4416 15.
