2678 4732
661 235 693 287 11

91 434 177 492 nem,
201 433 277 489 quos
302 424 442 472 auctores
458 425 580 473 secutus
597 423 681 472 esset
704 417 830 490 scriptor
845 417 922 473 illius
950 417 1015 472 libri
1032 415 1245 474 Pseudaristo-

92 516 187 591 telici,
217 535 255 573 ex
285 516 348 573 eius
379 526 560 591 argumento
592 517 736 574 iudicavit
768 535 829 574 non
854 517 936 573 nulla
959 518 1058 591 capita
1080 535 1119 573 ex
1142 516 1244 574 Theo·

92 618 213 693 phrasti
235 618 316 675 libris
339 613 410 692 περὶ
432 617 497 677 τῶν
519 614 702 691 λεγομένων
725 617 869 692 φθονεῖν,
899 614 971 692 περὶ
1000 618 1064 677 τῶν
1093 616 1246 691 μεταβαλ-

93 714 221 779 λόντων
243 715 301 776 τὰς
322 713 431 792 χρόας,
456 715 528 792 περὶ
551 716 648 797 Ζῲαιν
665 714 853 792 φρονήςεως
873 715 926 778 καὶ
947 714 1045 792 ἤθους
1069 718 1115 774 vel
1131 736 1169 774 ex
1187 718 1245 774 alio

93 821 161 878 eius
184 821 225 877 de
247 819 426 876 animalibus
449 820 591 876 librorum
613 819 743 877 fluxisse.

197 923 300 995 Atque
321 921 452 995 primum
475 921 685 994 quaerendum
709 927 763 988 est,
786 938 846 995 quo
870 919 933 975 fere
956 927 1094 993 tempore
1117 919 1244 993 scriptus

94 1023 134 1079 sit
156 1038 254 1078 nonus
278 1021 328 1077 ille
351 1022 402 1094 qui
424 1021 517 1076 fertur
536 1021 604 1078 hist.
621 1022 711 1080 anim.
728 1021 810 1079 liber.
835 1023 927 1078 utitur
942 1021 1056 1077 eoiam
1072 998 1247 1094 Antigonus*

94 1122 251 1196 Carystius
281 1129 312 1178 et
340 1122 459 1178 videtur
492 1139 561 1178 eum
595 1122 706 1195 legisse
737 1139 799 1179 non
829 1124 923 1178 modo
954 1123 1147 1178 coniunctum
1175 1137 1244 1177 cum

93 1223 221 1280 historia
239 1223 423 1292 animalium,
447 1239 551 1278 verum
576 1223 667 1279 etiam
683 1231 840 1296 tamquam
855 1222 1010 1297 proprium
1026 1222 1169 1296 libellum,
1193 1212 1245 1296 qui

93 1326 149 1381 diu
165 1325 247 1381 solus
263 1323 497 1398 pervulgabatur
508 1318 540 1379 1:
564 1324 635 1397 quin
651 1325 817 1397 genuinum
841 1325 879 1380 sit
894 1342 970 1398 opus
987 1323 1159 1380 Aristotelis
1181 1341 1245 1379 non

95 1425 227 1483 dubitat.
259 1424 372 1480 deinde
395 1424 617 1499 Aristophanes
642 1424 804 1499 Byzantius
836 1443 904 1481 cum
934 1424 1042 1481 ceteris
1064 1424 1133 1481 hist.
1156 1417 1245 1481 anim.¹

95 1526 179 1583 libris
212 1525 293 1582 hunc
325 1543 448 1600 quoque
478 1525 604 1582 adhibet
635 1528 675 1582 ad
699 1526 855 1600 epitomen
885 1525 965 1582 illam
988 1525 1243 1599 componendam.

96 1627 232 1700 denique
249 1626 444 1701 Hermippus
469 1628 519 1700 qui
537 1634 661 1700 putatur
677 1635 782 1683 auctor
800 1643 868 1683 esse
884 1627 1133 1682 Aristoteleorum
1156 1624 1245 1680 libro·

93 1746 161 1784 rum
186 1729 296 1784 indicis
311 1728 475 1795 Laertiani‚
500 1744 611 1783 novem
635 1727 776 1783 historiae
800 1727 972 1784 animalium
987 1735 1125 1784 numerat
1141 1727 1243 1785 libros,

96 1847 160 1904 quo
184 1829 312 1886 efficitur
334 1837 367 1884 ut
395 1836 563 1885 statuamus
593 1836 675 1885 certe
705 1845 768 1884 non
794 1827 921 1883 multum
945 1836 1016 1902 post
1038 1826 1243 1901 Theophrasti

92 1939 225 1987 mortem
242 1947 356 1986 nonum
371 1930 451 1986 illum
467 1930 574 1985 librum
596 1929 739 2002 scriptum
755 1946 835 1986 esse:
857 1946 927 1984 nam
951 1929 1095 2002 temporis
1111 1928 1242 2002 spatium

93 2031 220 2106 aliquod
251 2031 482 2106 relinquendum
512 2039 568 2101 est,
603 2047 656 2103 per
687 2030 772 2103 quod
803 2030 1015 2084 inveteraverit
1046 2029 1240 2084 cousuetudo

95 2133 284 2190 adnectendi
315 2149 383 2188 eum
414 2130 560 2186 historiae
588 2129 769 2198 animalium,
798 2130 840 2186 ita
863 2138 896 2186 ut
918 2129 1007 2185 tertio
1031 2130 1153 2186 saeculo
1177 2129 1242 2186 fere

95 2233 200 2290 medio
223 2250 277 2308 pro
305 2233 491 2290 Aristoteleo
514 2250 608 2306 opere
630 2232 802 2291 haberetur.

199 2333 317 2404 Quibus
341 2341 446 2390 autem
468 2333 643 2389 auctoribus
667 2341 731 2388 turn
754 2333 797 2389 uti
812 2333 911 2406 potuit
927 2333 994 2388 talis
1010 2332 1076 2388 libri
1091 2327 1241 2406 scriptor?

101 2467 135 2476 -
161 2435 365 2509 nequeenim
394 2452 466 2490 eurn
493 2450 572 2508 quae
606 2435 671 2508 ipse
701 2442 754 2490 aut
782 2433 986 2490 observaverit
1016 2441 1068 2489 aut
1092 2432 1242 2488 audiverit

95 2537 136 2594 ab
159 2537 223 2592 aliis
245 2535 411 2591 memoriae
427 2536 558 2609 prodere
579 2543 706 2608 apparet
724 2553 762 2590 ex
777 2534 843 2609 ipsa
860 2534 923 2590 libri
946 2541 1071 2591 natura:
1096 2541 1242 2608 excerpta

95 2637 230 2695 cumulat
253 2637 381 2710 scriptor
403 2653 500 2692 rerum
523 2653 599 2709 quas
621 2643 725 2691 narrat
746 2635 900 2708 imperitus
922 2642 953 2690 et
969 2635 1093 2708 quidem
1108 2634 1241 2708 pessime

94 2747 244 2813 excerpta
273 2756 335 2794 non
365 2739 430 2794 sine
453 2736 659 2811 repugnantiis
682 2744 715 2792 et
736 2736 968 2810 repetitionibus
978 2731 998 2794 2.
1022 2766 1062 2774 -
1085 2753 1176 2810 quarn
1198 2737 1239 2791 ad

95 2840 312 2915 quaestionem
334 2839 433 2914 magni
453 2838 600 2894 momenti
623 2846 669 2894 est
692 2838 756 2894 libri
770 2846 989 2910 argumentum.
1014 2838 1113 2909 agitur
1136 2845 1239 2894 autern

93 2942 227 2998 maxima
248 2958 286 2996 ex
307 2949 394 3016 parte
417 2941 457 2996 de
483 2939 655 2996 animalium
678 2939 813 2995 moribus
836 2940 917 2994 victu
940 2938 1081 3010 sollertia,
1102 2939 1135 2994 id
1156 2940 1241 3013 quod

94 3052 213 3100 veteres
234 3043 295 3097 iam
317 3041 465 3117 viderunt,
490 3058 557 3097 cum
581 3041 778 3097 inscriberent
800 3040 869 3096 huic
890 3040 965 3096 libro
989 3049 1042 3095 aut
1062 3035 1135 3112 περὶ
1150 3037 1240 3118 Ζῴων

93 3139 183 3217 ἠθῶν
216 3138 340 3220 (Athen.
371 3141 430 3198 VII
458 3161 487 3216 ρ,
511 3139 605 3215 282⁰)
643 3151 696 3199 aut
732 3137 803 3214 περὶ
837 3139 926 3220 Ζῴων
958 3135 1045 3214 ἠθῶν
1080 3136 1131 3199 καὶ
1164 3136 1240 3215 βίων

94 3240 222 3319 (Athen.
238 3243 297 3300 VlI
314 3263 342 3317 p.
360 3237 453 3321 3070)
489 3253 540 3301 aut
563 3240 634 3317 περὶ
657 3241 746 3322 ζῴων
768 3237 986 3316 φρονήςεωςῧ.
1016 3241 1060 3298 cui
1084 3259 1155 3297 vero
1178 3258 1241 3297 non

194 3568 257 3624 ¹cf.
277 3572 499 3621 Wilamowitzius
518 3572 535 3623 l.
554 3572 571 3622 l.
591 3588 616 3636 p.
637 3570 678 3622 19.

193 3657 206 3694 2
225 3661 257 3710 cf.
270 3661 417 3725 Dittmeyer
435 3660 453 3710 l.
467 3660 484 3710 l.
498 3677 523 3724 p.
539 3659 653 3724 li-ill,
674 3657 735 3717 145,
756 3657 814 3716 147,
837 3656 893 3719 149,
918 3656 1063 3710 loo—lot
1083 3656 1239 3708 indiciorum

93 3765 159 3815 qnae
186 3757 297 3812 arguunt
323 3756 501 3813 excerptorem
528 3765 648 3798 numerus
676 3748 750 3796 facile
775 3748 864 3809 augeri
883 3753 982 3811 potest:
1010 3747 1042 3797 cs.
1063 3762 1085 3797 e,
1105 3762 1142 3808 gr.
1163 3763 1239 3811 quam

94 3838 163 3887 male
184 3838 254 3886 dicta
278 3838 330 3886 sint
350 3853 370 3888 c.
391 3838 416 3904 t,
435 3837 470 3889 43
489 3855 514 3902 p.
534 3836 600 3888 6122
625 3836 658 3887 14
677 3835 818 3902 προςιέναι
837 3835 891 3900 γὰρ
916 3835 998 3898 ἐγγὺς
1023 3833 1070 3901 (sc.
1089 3835 1125 3886 τά
1144 3833 1241 3901 θηρία)

93 3928 140 3979 καὶ
159 3925 310 3990 λαμβάνειν
329 3924 378 3992 (sc.
391 3926 444 3989 τὴν
458 3924 605 3991 πάρδαλιν)
625 3925 701 3976 οὕτω
721 3923 834 3976 καὶτὰς
853 3923 983 3989 ἐλάφους,
1002 3939 1080 3989 quam
1099 3923 1166 3973 male
1181 3938 1237 3972 nar-

94 4020 148 4063 rata
167 4030 232 4078 quae
250 4014 372 4076 leguntur
390 4031 411 4064 c.
426 4012 468 4072 39,
486 4012 535 4066 157
554 4031 579 4078 p.
594 4012 664 4065 6232
679 4013 692 4063 1
709 4029 780 4078 sqq.;
801 4014 861 4061 vide
889 4020 1021 4076 praeterea
1040 4011 1238 4077 amoliendas,

94 4103 117 4151 si
135 4119 156 4153 c.
176 4102 201 4158 8,
221 4102 254 4153 61
274 4119 299 4167 p.
313 4099 384 4154 lil3b
399 4101 433 4154 ‘22
452 4103 533 4164 legis:
554 4103 647 4168 ὥςπερ
666 4101 690 4153 δ’
710 4101 826 4167 εἴρηται,
846 4101 985 4165 κακόηθες
1003 4101 1036 4152 τὸ
1056 4099 1155 4165 θρνεόν
1174 4099 1238 4165 ἐςτι,

94 4207 152 4241 eum
171 4197 248 4240 antea
267 4191 362 4240 frustra
379 4191 433 4240 tale
452 4192 517 4257 quid
535 4207 660 4257 quaeras3
680 4198 729 4242 etc.

199 4274 356 4345 8Ροιρλρι,
376 4281 408 4329 de
427 4281 522 4332 abstin.
535 4281 577 4329 ΙΙΙ
589 4280 605 4331 θ
619 4296 644 4345 ρ.
660 4278 720 4345 199,
740 4279 773 4331 19
786 4274 826 4329 Ν2
845 4279 862 4330 ἃ
882 4279 916 4342 δὴ
936 4278 981 4331 ἐπὶ
1000 4277 1087 4331 πλέον
1106 4281 1238 4343 ςυνῆκτοι

96 4373 156 4421 τοῖς
174 4372 302 4423 παλαιοῖς
321 4370 351 4422 ἐν
370 4374 429 4423 τοῖς
447 4372 511 4436 περὶ
529 4371 614 4437 Ζῴων
632 4368 796 4434 φρονήςεως
821 4372 872 4420 τοθ
891 4372 981 4421 ταῦτα
1004 4366 1238 4434 πολυπραγμονή-
