<?xml version="1.0" encoding="UTF-8"?>
<!DOCTYPE html PUBLIC "-//W3C//DTD XHTML 1.0 Transitional//EN"
    "http://www.w3.org/TR/xhtml1/DTD/xhtml1-transitional.dtd">
<html xmlns="http://www.w3.org/1999/xhtml" xml:lang="en" lang="en">
 <head>
  <title>
</title>
<meta http-equiv="Content-Type" content="text/html;charset=utf-8" />
  <meta name='ocr-system' content='tesseract 3.04.00' />
  <meta name='ocr-capabilities' content='ocr_page ocr_carea ocr_par ocr_line ocrx_word'/>
</head>
<body>
  <div class='ocr_page' id='page_1' title='image "./detheophrastili00joacgoog_0016.png"; bbox 0 0 2678 4732; ppageno 0'>
   <div class='ocr_carea' id='block_1_1' title="bbox 629 213 663 267">
    <p class='ocr_par' dir='ltr' id='par_1_1' title="bbox 629 213 663 267">
     <span class='ocr_line' id='line_1_1' title="bbox 629 213 663 267; baseline 0.029 -1"><span class='ocrx_word' id='word_1_1' title='bbox 629 213 663 267; x_wconf 86' lang='grc'>13</span> 
     </span>
    </p>
   </div>
   <div class='ocr_carea' id='block_1_2' title="bbox 22 378 1315 3710">
    <p class='ocr_par' dir='ltr' id='par_1_2' title="bbox 75 378 1223 775">
     <span class='ocr_line' id='line_1_2' title="bbox 78 378 1223 475; baseline -0.009 -20"><span class='ocrx_word' id='word_1_2' title='bbox 78 398 193 475; x_wconf 86' lang='lat' dir='ltr'>primus</span> <span class='ocrx_word' id='word_1_3' title='bbox 215 398 264 453; x_wconf 88' lang='lat' dir='ltr'>vel</span> <span class='ocrx_word' id='word_1_4' title='bbox 294 396 472 454; x_wconf 80' lang='lat' dir='ltr'>animalibus</span> <span class='ocrx_word' id='word_1_5' title='bbox 500 392 662 468; x_wconf 84' lang='lat' dir='ltr'>adscripsit</span> <span class='ocrx_word' id='word_1_6' title='bbox 684 378 788 453; x_wconf 66' lang='grc' dir='ltr'><strong>νοῡῦῙ.</strong></span> <span class='ocrx_word' id='word_1_7' title='bbox 820 393 922 468; x_wconf 89' lang='lat' dir='ltr'>itaque</span> <span class='ocrx_word' id='word_1_8' title='bbox 952 392 992 449; x_wconf 90' lang='lat' dir='ltr'>ob</span> <span class='ocrx_word' id='word_1_9' title='bbox 1024 391 1084 446; x_wconf 91' lang='lat' dir='ltr'>hoc</span> <span class='ocrx_word' id='word_1_10' title='bbox 1116 391 1223 465; x_wconf 88' lang='lat' dir='ltr'>ipsum,</span> 
     </span>
     <span class='ocr_line' id='line_1_3' title="bbox 76 491 1223 570; baseline -0.01 -14"><span class='ocrx_word' id='word_1_11' title='bbox 76 498 196 557; x_wconf 81' lang='lat' dir='ltr'>etiamsi</span> <span class='ocrx_word' id='word_1_12' title='bbox 219 516 282 555; x_wconf 92' lang='lat' dir='ltr'>non</span> <span class='ocrx_word' id='word_1_13' title='bbox 305 498 442 555; x_wconf 91' lang='lat' dir='ltr'>obstaret</span> <span class='ocrx_word' id='word_1_14' title='bbox 463 505 634 570; x_wconf 88' lang='lat' dir='ltr'>temporum</span> <span class='ocrx_word' id='word_1_15' title='bbox 658 494 744 564; x_wconf 87' lang='lat' dir='ltr'>ratio,</span> <span class='ocrx_word' id='word_1_16' title='bbox 768 495 808 550; x_wconf 87' lang='lat' dir='ltr'>de</span> <span class='ocrx_word' id='word_1_17' title='bbox 833 511 872 550; x_wconf 91' lang='lat' dir='ltr'>eo</span> <span class='ocrx_word' id='word_1_18' title='bbox 893 511 956 550; x_wconf 89' lang='lat' dir='ltr'>non</span> <span class='ocrx_word' id='word_1_19' title='bbox 977 499 1081 567; x_wconf 89' lang='lat' dir='ltr'>potest</span> <span class='ocrx_word' id='word_1_20' title='bbox 1096 491 1223 566; x_wconf 83' lang='lat' dir='ltr'>cogitari</span> 
     </span>
     <span class='ocr_line' id='line_1_4' title="bbox 77 593 1222 672; baseline -0.01 -13"><span class='ocrx_word' id='word_1_21' title='bbox 77 609 205 659; x_wconf 89' lang='lat' dir='ltr'>auctore</span> <span class='ocrx_word' id='word_1_22' title='bbox 228 601 302 656; x_wconf 91' lang='lat' dir='ltr'>noni</span> <span class='ocrx_word' id='word_1_23' title='bbox 323 599 353 658; x_wconf 94' lang='lat' dir='ltr'>h.</span> <span class='ocrx_word' id='word_1_24' title='bbox 368 615 395 658; x_wconf 87' lang='lat' dir='ltr'>a.</span> <span class='ocrx_word' id='word_1_25' title='bbox 418 598 493 672; x_wconf 85' lang='lat' dir='ltr'>libri,</span> <span class='ocrx_word' id='word_1_26' title='bbox 525 597 639 672; x_wconf 92' lang='lat' dir='ltr'>inquo</span> <span class='ocrx_word' id='word_1_27' title='bbox 664 596 750 653; x_wconf 89' lang='lat' dir='ltr'>huius</span> <span class='ocrx_word' id='word_1_28' title='bbox 783 595 943 652; x_wconf 89' lang='lat' dir='ltr'>doctrinae</span> <span class='ocrx_word' id='word_1_29' title='bbox 962 595 1041 650; x_wconf 89' lang='lat' dir='ltr'>inest</span> <span class='ocrx_word' id='word_1_30' title='bbox 1070 611 1128 650; x_wconf 89' lang='lat' dir='ltr'>nec</span> <span class='ocrx_word' id='word_1_31' title='bbox 1154 593 1222 649; x_wconf 89' lang='lat' dir='ltr'>vola</span> 
     </span>
     <span class='ocr_line' id='line_1_5' title="bbox 75 701 326 775; baseline -0.004 -14"><span class='ocrx_word' id='word_1_32' title='bbox 75 719 134 761; x_wconf 88' lang='lat' dir='ltr'>nec</span> <span class='ocrx_word' id='word_1_33' title='bbox 155 701 326 775; x_wconf 85' lang='lat' dir='ltr'>vestigium.</span> 
     </span>
    </p>

    <p class='ocr_par' dir='ltr' id='par_1_3' title="bbox 77 795 1224 1991">
     <span class='ocr_line' id='line_1_6' title="bbox 177 795 1224 876; baseline -0.009 -17"><span class='ocrx_word' id='word_1_34' title='bbox 177 800 240 859; x_wconf 87' lang='lat' dir='ltr'>Sed</span> <span class='ocrx_word' id='word_1_35' title='bbox 263 801 437 876; x_wconf 84' lang='lat' dir='ltr'>priusquam</span> <span class='ocrx_word' id='word_1_36' title='bbox 451 800 664 876; x_wconf 84' lang='lat' dir='ltr'>aggrediamur</span> <span class='ocrx_word' id='word_1_37' title='bbox 695 799 856 873; x_wconf 88' lang='lat' dir='ltr'>adipsum</span> <span class='ocrx_word' id='word_1_38' title='bbox 879 797 995 871; x_wconf 82' lang='lat' dir='ltr'>librum,</span> <span class='ocrx_word' id='word_1_39' title='bbox 1019 795 1077 852; x_wconf 90' lang='lat' dir='ltr'>alia</span> <span class='ocrx_word' id='word_1_40' title='bbox 1097 795 1145 850; x_wconf 90' lang='lat' dir='ltr'>via</span> <span class='ocrx_word' id='word_1_41' title='bbox 1161 812 1224 851; x_wconf 92' lang='lat' dir='ltr'>cer-</span> 
     </span>
     <span class='ocr_line' id='line_1_7' title="bbox 77 899 1223 978; baseline -0.007 -19"><span class='ocrx_word' id='word_1_42' title='bbox 77 903 169 960; x_wconf 77' lang='lat' dir='ltr'>tiores</span> <span class='ocrx_word' id='word_1_43' title='bbox 196 903 261 960; x_wconf 91' lang='lat' dir='ltr'>fieri</span> <span class='ocrx_word' id='word_1_44' title='bbox 276 920 448 978; x_wconf 64' lang='lat' dir='ltr'>possumus</span> <span class='ocrx_word' id='word_1_45' title='bbox 473 903 556 958; x_wconf 90' lang='lat' dir='ltr'>unde</span> <span class='ocrx_word' id='word_1_46' title='bbox 578 902 711 958; x_wconf 84' lang='lat' dir='ltr'>maxima</span> <span class='ocrx_word' id='word_1_47' title='bbox 729 900 794 956; x_wconf 88' lang='lat' dir='ltr'>eius</span> <span class='ocrx_word' id='word_1_48' title='bbox 809 917 880 974; x_wconf 89' lang='lat' dir='ltr'>pars</span> <span class='ocrx_word' id='word_1_49' title='bbox 903 899 940 954; x_wconf 93' lang='lat' dir='ltr'>sit</span> <span class='ocrx_word' id='word_1_50' title='bbox 955 905 1108 970; x_wconf 84' lang='lat' dir='ltr'>excerpta.</span> <span class='ocrx_word' id='word_1_51' title='bbox 1133 913 1223 969; x_wconf 90' lang='lat' dir='ltr'>quem</span> 
     </span>
     <span class='ocr_line' id='line_1_8' title="bbox 77 997 1222 1079; baseline -0.008 -18"><span class='ocrx_word' id='word_1_52' title='bbox 77 1003 234 1061; x_wconf 85' lang='lat' dir='ltr'>adfinem</span> <span class='ocrx_word' id='word_1_53' title='bbox 258 1021 332 1061; x_wconf 88' lang='lat' dir='ltr'>sane</span> <span class='ocrx_word' id='word_1_54' title='bbox 355 1004 492 1079; x_wconf 87' lang='lat' dir='ltr'>pleniore</span> <span class='ocrx_word' id='word_1_55' title='bbox 527 1020 605 1078; x_wconf 91' lang='lat' dir='ltr'>opus</span> <span class='ocrx_word' id='word_1_56' title='bbox 628 1010 676 1058; x_wconf 86' lang='lat' dir='ltr'>est</span> <span class='ocrx_word' id='word_1_57' title='bbox 709 1001 927 1076; x_wconf 89' lang='lat' dir='ltr'>disputatione.</span> <span class='ocrx_word' id='word_1_58' title='bbox 951 999 1111 1056; x_wconf 81' lang='lat' dir='ltr'>constabat</span> <span class='ocrx_word' id='word_1_59' title='bbox 1142 997 1222 1053; x_wconf 89' lang='lat' dir='ltr'>enim</span> 
     </span>
     <span class='ocr_line' id='line_1_9' title="bbox 78 1097 1223 1178; baseline -0.008 -16"><span class='ocrx_word' id='word_1_60' title='bbox 78 1105 180 1162; x_wconf 90' lang='lat' dir='ltr'>adhuc</span> <span class='ocrx_word' id='word_1_61' title='bbox 202 1106 281 1162; x_wconf 89' lang='lat' dir='ltr'>inter</span> <span class='ocrx_word' id='word_1_62' title='bbox 294 1122 400 1162; x_wconf 88' lang='lat' dir='ltr'>ornnes</span> <span class='ocrx_word' id='word_1_63' title='bbox 425 1103 577 1176; x_wconf 86' lang='lat' dir='ltr'>[Aristot]</span> <span class='ocrx_word' id='word_1_64' title='bbox 600 1104 665 1160; x_wconf 89' lang='lat' dir='ltr'>mir.</span> <span class='ocrx_word' id='word_1_65' title='bbox 681 1120 799 1160; x_wconf 76' lang='lat' dir='ltr'>susce.</span> <span class='ocrx_word' id='word_1_66' title='bbox 819 1103 908 1178; x_wconf 83' lang='lat'>1-8,</span> <span class='ocrx_word' id='word_1_67' title='bbox 933 1102 1053 1159; x_wconf 81' lang='lat'>11-15</span> <span class='ocrx_word' id='word_1_68' title='bbox 1075 1097 1223 1172; x_wconf 82' lang='lat' dir='ltr'>originem</span> 
     </span>
     <span class='ocr_line' id='line_1_10' title="bbox 79 1198 1222 1282; baseline -0.008 -19"><span class='ocrx_word' id='word_1_69' title='bbox 79 1206 194 1264; x_wconf 88' lang='lat' dir='ltr'>ducere</span> <span class='ocrx_word' id='word_1_70' title='bbox 216 1207 255 1263; x_wconf 91' lang='lat' dir='ltr'>ab</span> <span class='ocrx_word' id='word_1_71' title='bbox 278 1208 345 1282; x_wconf 89' lang='lat' dir='ltr'>ipso</span> <span class='ocrx_word' id='word_1_72' title='bbox 368 1207 418 1263; x_wconf 93' lang='lat' dir='ltr'>illo</span> <span class='ocrx_word' id='word_1_73' title='bbox 442 1223 525 1263; x_wconf 93' lang='lat' dir='ltr'>nono</span> <span class='ocrx_word' id='word_1_74' title='bbox 548 1206 576 1266; x_wconf 90' lang='lat' dir='ltr'>h.</span> <span class='ocrx_word' id='word_1_75' title='bbox 594 1224 621 1264; x_wconf 88' lang='lat' dir='ltr'>a.</span> <span class='ocrx_word' id='word_1_76' title='bbox 638 1205 721 1262; x_wconf 81' lang='lat' dir='ltr'>libro,</span> <span class='ocrx_word' id='word_1_77' title='bbox 759 1205 805 1260; x_wconf 90' lang='lat' dir='ltr'>cui</span> <span class='ocrx_word' id='word_1_78' title='bbox 828 1203 964 1279; x_wconf 90' lang='lat' dir='ltr'>opinioni</span> <span class='ocrx_word' id='word_1_79' title='bbox 986 1200 1153 1275; x_wconf 83' lang='lat' dir='ltr'>refragatur</span> <span class='ocrx_word' id='word_1_80' title='bbox 1174 1198 1222 1255; x_wconf 86' lang='lat' dir='ltr'>vel</span> 
     </span>
     <span class='ocr_line' id='line_1_11' title="bbox 78 1301 1222 1384; baseline -0.01 -19"><span class='ocrx_word' id='word_1_81' title='bbox 78 1307 139 1365; x_wconf 88' lang='lat' dir='ltr'>boc</span> <span class='ocrx_word' id='word_1_82' title='bbox 162 1309 247 1384; x_wconf 92' lang='lat' dir='ltr'>quod</span> <span class='ocrx_word' id='word_1_83' title='bbox 270 1327 295 1367; x_wconf 92' lang='lat' dir='ltr'>c.</span> <span class='ocrx_word' id='word_1_84' title='bbox 311 1309 329 1365; x_wconf 87' lang='lat'>9</span> <span class='ocrx_word' id='word_1_85' title='bbox 354 1317 386 1365; x_wconf 89' lang='lat' dir='ltr'>et</span> <span class='ocrx_word' id='word_1_86' title='bbox 410 1310 447 1366; x_wconf 91' lang='grc'>10</span> <span class='ocrx_word' id='word_1_87' title='bbox 464 1308 601 1364; x_wconf 90' lang='lat' dir='ltr'>indidem</span> <span class='ocrx_word' id='word_1_88' title='bbox 617 1325 679 1363; x_wconf 91' lang='lat' dir='ltr'>non</span> <span class='ocrx_word' id='word_1_89' title='bbox 696 1314 766 1363; x_wconf 91' lang='lat' dir='ltr'>sunt</span> <span class='ocrx_word' id='word_1_90' title='bbox 781 1305 920 1377; x_wconf 80' lang='lat' dir='ltr'>repetita,</span> <span class='ocrx_word' id='word_1_91' title='bbox 945 1320 1128 1379; x_wconf 89' lang='lat' dir='ltr'>quamquam</span> <span class='ocrx_word' id='word_1_92' title='bbox 1144 1301 1222 1356; x_wconf 88' lang='lat' dir='ltr'>aliae</span> 
     </span>
     <span class='ocr_line' id='line_1_12' title="bbox 77 1398 1222 1484; baseline -0.009 -18"><span class='ocrx_word' id='word_1_93' title='bbox 77 1418 173 1484; x_wconf 87' lang='lat' dir='ltr'>atque</span> <span class='ocrx_word' id='word_1_94' title='bbox 195 1410 225 1465; x_wconf 89' lang='lat' dir='ltr'>in</span> <span class='ocrx_word' id='word_1_95' title='bbox 250 1410 357 1466; x_wconf 88' lang='lat' dir='ltr'>ceteris</span> <span class='ocrx_word' id='word_1_96' title='bbox 380 1427 427 1466; x_wconf 90' lang='lat' dir='ltr'>res</span> <span class='ocrx_word' id='word_1_97' title='bbox 450 1409 482 1464; x_wconf 93' lang='lat' dir='ltr'>in</span> <span class='ocrx_word' id='word_1_98' title='bbox 504 1409 547 1465; x_wconf 81' lang='lat' dir='ltr'>eis</span> <span class='ocrx_word' id='word_1_99' title='bbox 570 1425 632 1464; x_wconf 91' lang='lat' dir='ltr'>non</span> <span class='ocrx_word' id='word_1_100' title='bbox 655 1415 828 1466; x_wconf 83' lang='lat' dir='ltr'>tractantur.</span> <span class='ocrx_word' id='word_1_101' title='bbox 873 1398 1136 1462; x_wconf 83' lang='lat' dir='ltr'>Muelleuhollius2</span> <span class='ocrx_word' id='word_1_102' title='bbox 1169 1420 1222 1457; x_wconf 89' lang='lat' dir='ltr'>au·</span> 
     </span>
     <span class='ocr_line' id='line_1_13' title="bbox 77 1502 1221 1585; baseline -0.01 -18"><span class='ocrx_word' id='word_1_103' title='bbox 77 1518 142 1567; x_wconf 90' lang='lat' dir='ltr'>tem</span> <span class='ocrx_word' id='word_1_104' title='bbox 164 1511 226 1567; x_wconf 90' lang='lat' dir='ltr'>iam</span> <span class='ocrx_word' id='word_1_105' title='bbox 247 1511 366 1567; x_wconf 89' lang='lat' dir='ltr'>monuit</span> <span class='ocrx_word' id='word_1_106' title='bbox 388 1510 489 1584; x_wconf 88' lang='lat' dir='ltr'>capita</span> <span class='ocrx_word' id='word_1_107' title='bbox 512 1527 591 1585; x_wconf 91' lang='lat' dir='ltr'>quae</span> <span class='ocrx_word' id='word_1_108' title='bbox 614 1519 680 1566; x_wconf 90' lang='lat' dir='ltr'>arto</span> <span class='ocrx_word' id='word_1_109' title='bbox 704 1508 839 1583; x_wconf 88' lang='lat' dir='ltr'>quodam</span> <span class='ocrx_word' id='word_1_110' title='bbox 861 1506 1080 1564; x_wconf 86' lang='lat' dir='ltr'>sententiarum</span> <span class='ocrx_word' id='word_1_111' title='bbox 1102 1502 1221 1559; x_wconf 91' lang='lat' dir='ltr'>vinculo</span> 
     </span>
     <span class='ocr_line' id='line_1_14' title="bbox 78 1609 1223 1695; baseline -0.008 -27"><span class='ocrx_word' id='word_1_112' title='bbox 78 1611 244 1669; x_wconf 88' lang='lat' dir='ltr'>coniuncta</span> <span class='ocrx_word' id='word_1_113' title='bbox 269 1622 380 1695; x_wconf 77' lang='lat' dir='ltr'>essent,</span> <span class='ocrx_word' id='word_1_114' title='bbox 401 1613 576 1669; x_wconf 89' lang='lat' dir='ltr'>necessario</span> <span class='ocrx_word' id='word_1_115' title='bbox 591 1612 647 1668; x_wconf 90' lang='lat' dir='ltr'>sibi</span> <span class='ocrx_word' id='word_1_116' title='bbox 662 1610 817 1667; x_wconf 89' lang='lat' dir='ltr'>vindicare</span> <span class='ocrx_word' id='word_1_117' title='bbox 832 1627 926 1667; x_wconf 92' lang='lat' dir='ltr'>unum</span> <span class='ocrx_word' id='word_1_118' title='bbox 941 1609 1134 1680; x_wconf 83' lang='lat' dir='ltr'>eundemque</span> <span class='ocrx_word' id='word_1_119' title='bbox 1151 1621 1223 1661; x_wconf 89' lang='lat' dir='ltr'>auc-</span> 
     </span>
     <span class='ocr_line' id='line_1_15' title="bbox 78 1712 1222 1787; baseline -0.008 -18"><span class='ocrx_word' id='word_1_120' title='bbox 78 1720 187 1770; x_wconf 89' lang='lat' dir='ltr'>torem.</span> <span class='ocrx_word' id='word_1_121' title='bbox 226 1730 317 1787; x_wconf 90' lang='lat' dir='ltr'>quam</span> <span class='ocrx_word' id='word_1_122' title='bbox 340 1714 380 1770; x_wconf 89' lang='lat' dir='ltr'>ad</span> <span class='ocrx_word' id='word_1_123' title='bbox 403 1714 586 1771; x_wconf 88' lang='lat' dir='ltr'>sententiam</span> <span class='ocrx_word' id='word_1_124' title='bbox 621 1712 861 1770; x_wconf 88' lang='lat' dir='ltr'>confirmandam</span> <span class='ocrx_word' id='word_1_125' title='bbox 893 1731 911 1766; x_wconf 87' lang='lat' dir='ltr'>e</span> <span class='ocrx_word' id='word_1_126' title='bbox 946 1729 978 1766; x_wconf 91' lang='lat' dir='ltr'>re</span> <span class='ocrx_word' id='word_1_127' title='bbox 1009 1726 1075 1765; x_wconf 90' lang='lat' dir='ltr'>esse</span> <span class='ocrx_word' id='word_1_128' title='bbox 1109 1721 1222 1762; x_wconf 88' lang='lat' dir='ltr'>censeo</span> 
     </span>
     <span class='ocr_line' id='line_1_16' title="bbox 82 1807 1222 1889; baseline -0.007 -20"><span class='ocrx_word' id='word_1_129' title='bbox 82 1814 257 1871; x_wconf 84' lang='lat' dir='ltr'>accuratius</span> <span class='ocrx_word' id='word_1_130' title='bbox 280 1813 487 1889; x_wconf 88' lang='lat' dir='ltr'>contemplari,</span> <span class='ocrx_word' id='word_1_131' title='bbox 510 1832 571 1888; x_wconf 90' lang='lat' dir='ltr'>qua</span> <span class='ocrx_word' id='word_1_132' title='bbox 594 1821 658 1870; x_wconf 90' lang='lat' dir='ltr'>arte</span> <span class='ocrx_word' id='word_1_133' title='bbox 675 1830 711 1869; x_wconf 89' lang='lat' dir='ltr'>ac</span> <span class='ocrx_word' id='word_1_134' title='bbox 727 1813 843 1869; x_wconf 91' lang='lat' dir='ltr'>ratione</span> <span class='ocrx_word' id='word_1_135' title='bbox 864 1811 913 1867; x_wconf 91' lang='lat' dir='ltr'>hic</span> <span class='ocrx_word' id='word_1_136' title='bbox 932 1827 1031 1866; x_wconf 87' lang='lat' dir='ltr'>rerum</span> <span class='ocrx_word' id='word_1_137' title='bbox 1044 1807 1222 1864; x_wconf 89' lang='lat' dir='ltr'>mirabilium</span> 
     </span>
     <span class='ocr_line' id='line_1_17' title="bbox 78 1912 1062 1991; baseline -0.007 -19"><span class='ocrx_word' id='word_1_138' title='bbox 78 1915 209 1991; x_wconf 90' lang='lat' dir='ltr'>scriptor</span> <span class='ocrx_word' id='word_1_139' title='bbox 229 1915 337 1972; x_wconf 91' lang='lat' dir='ltr'>librum</span> <span class='ocrx_word' id='word_1_140' title='bbox 358 1916 565 1990; x_wconf 91' lang='lat' dir='ltr'>composuerit</span> <span class='ocrx_word' id='word_1_141' title='bbox 588 1924 681 1989; x_wconf 87' lang='lat' dir='ltr'>atque</span> <span class='ocrx_word' id='word_1_142' title='bbox 702 1923 844 1989; x_wconf 86' lang='lat' dir='ltr'>excerpta</span> <span class='ocrx_word' id='word_1_143' title='bbox 868 1912 1062 1987; x_wconf 88' lang='lat' dir='ltr'>disposuerit.</span> 
     </span>
    </p>

    <p class='ocr_par' dir='ltr' id='par_1_4' title="bbox 22 1989 1315 3710">
     <span class='ocr_line' id='line_1_18' title="bbox 179 1989 1225 2090; baseline -0.009 -17"><span class='ocrx_word' id='word_1_144' title='bbox 179 2015 374 2073; x_wconf 88' lang='lat' dir='ltr'>Secernenda</span> <span class='ocrx_word' id='word_1_145' title='bbox 411 2025 481 2073; x_wconf 89' lang='lat' dir='ltr'>sunt</span> <span class='ocrx_word' id='word_1_146' title='bbox 523 2034 541 2072; x_wconf 91' lang='lat' dir='ltr'>a</span> <span class='ocrx_word' id='word_1_147' title='bbox 578 2025 680 2074; x_wconf 89' lang='lat' dir='ltr'>vetere</span> <span class='ocrx_word' id='word_1_148' title='bbox 717 2016 793 2072; x_wconf 93' lang='lat' dir='ltr'>libro</span> <span class='ocrx_word' id='word_1_149' title='bbox 832 2015 932 2090; x_wconf 88' lang='lat' dir='ltr'>capita</span> <span class='ocrx_word' id='word_1_150' title='bbox 970 2013 1148 2084; x_wconf 74' lang='lat' dir='ltr'>rsa-1783</span> <span class='ocrx_word' id='word_1_151' title='bbox 1186 1989 1225 2065; x_wconf 30' lang='lat' dir='ltr'>cf·</span> 
     </span>
     <span class='ocr_line' id='line_1_19' title="bbox 82 2113 1222 2192; baseline -0.004 -20"><span class='ocrx_word' id='word_1_152' title='bbox 82 2117 307 2175; x_wconf 87' lang='lat' dir='ltr'>Westermanni</span> <span class='ocrx_word' id='word_1_153' title='bbox 330 2120 531 2192; x_wconf 63' lang='lat' dir='ltr'>paradoxum.</span> <span class='ocrx_word' id='word_1_154' title='bbox 554 2136 582 2191; x_wconf 90' lang='lat' dir='ltr'>p.</span> <span class='ocrx_word' id='word_1_155' title='bbox 598 2117 642 2174; x_wconf 91' lang='lat' dir='ltr'>lV</span> <span class='ocrx_word' id='word_1_156' title='bbox 664 2125 695 2173; x_wconf 92' lang='lat' dir='ltr'>et</span> <span class='ocrx_word' id='word_1_157' title='bbox 716 2116 830 2188; x_wconf 84' lang='lat' dir='ltr'>XXVI,</span> <span class='ocrx_word' id='word_1_158' title='bbox 854 2116 949 2172; x_wconf 89' lang='lat' dir='ltr'>Rosei</span> <span class='ocrx_word' id='word_1_159' title='bbox 971 2113 1065 2172; x_wconf 80' lang='lat' dir='ltr'>Arist.</span> <span class='ocrx_word' id='word_1_160' title='bbox 1082 2114 1222 2184; x_wconf 81' lang='lat' dir='ltr'>Pserulep.</span> 
     </span>
     <span class='ocr_line' id='line_1_20' title="bbox 78 2213 1223 2294; baseline -0.007 -19"><span class='ocrx_word' id='word_1_161' title='bbox 78 2237 109 2294; x_wconf 93' lang='lat' dir='ltr'>p.</span> <span class='ocrx_word' id='word_1_162' title='bbox 140 2219 210 2277; x_wconf 79' lang='lat'>280.</span> <span class='ocrx_word' id='word_1_163' title='bbox 275 2235 374 2292; x_wconf 87' lang='lat' dir='ltr'>neque</span> <span class='ocrx_word' id='word_1_164' title='bbox 411 2236 490 2288; x_wconf 75' lang='lat' dir='ltr'>ver0,</span> <span class='ocrx_word' id='word_1_165' title='bbox 528 2227 561 2275; x_wconf 94' lang='lat' dir='ltr'>ut</span> <span class='ocrx_word' id='word_1_166' title='bbox 597 2219 690 2275; x_wconf 91' lang='lat' dir='ltr'>voluit</span> <span class='ocrx_word' id='word_1_167' title='bbox 715 2216 973 2284; x_wconf 88' lang='lat' dir='ltr'>Westermannus‚</span> <span class='ocrx_word' id='word_1_168' title='bbox 1009 2233 1046 2270; x_wconf 85' lang='lat' dir='ltr'>ex</span> <span class='ocrx_word' id='word_1_169' title='bbox 1083 2213 1223 2270; x_wconf 87' lang='lat' dir='ltr'>codicum</span> 
     </span>
     <span class='ocr_line' id='line_1_21' title="bbox 79 2317 1222 2393; baseline -0.007 -17"><span class='ocrx_word' id='word_1_170' title='bbox 79 2319 263 2376; x_wconf 87' lang='lat' dir='ltr'>condicione</span> <span class='ocrx_word' id='word_1_171' title='bbox 296 2318 498 2375; x_wconf 88' lang='lat' dir='ltr'>demonstrari</span> <span class='ocrx_word' id='word_1_172' title='bbox 531 2327 633 2393; x_wconf 89' lang='lat' dir='ltr'>potest</span> <span class='ocrx_word' id='word_1_173' title='bbox 675 2338 698 2379; x_wconf 86' lang='lat' dir='ltr'>e.</span> <span class='ocrx_word' id='word_1_174' title='bbox 727 2320 869 2377; x_wconf 78' lang='lat'>33-151</span> <span class='ocrx_word' id='word_1_175' title='bbox 907 2317 979 2373; x_wconf 90' lang='lat' dir='ltr'>olim</span> <span class='ocrx_word' id='word_1_176' title='bbox 1016 2333 1070 2391; x_wconf 92' lang='lat' dir='ltr'>per</span> <span class='ocrx_word' id='word_1_177' title='bbox 1103 2332 1135 2371; x_wconf 90' lang='lat' dir='ltr'>se</span> <span class='ocrx_word' id='word_1_178' title='bbox 1173 2331 1222 2368; x_wconf 83' lang='lat' dir='ltr'>err-</span> 
     </span>
     <span class='ocr_line' id='line_1_22' title="bbox 80 2415 1223 2494; baseline -0.006 -17"><span class='ocrx_word' id='word_1_179' title='bbox 80 2420 180 2478; x_wconf 91' lang='lat' dir='ltr'>titisse</span> <span class='ocrx_word' id='word_1_180' title='bbox 203 2428 294 2494; x_wconf 90' lang='lat' dir='ltr'>atque</span> <span class='ocrx_word' id='word_1_181' title='bbox 322 2429 434 2494; x_wconf 90' lang='lat' dir='ltr'>postea</span> <span class='ocrx_word' id='word_1_182' title='bbox 463 2420 617 2477; x_wconf 88' lang='lat' dir='ltr'>adiectam</span> <span class='ocrx_word' id='word_1_183' title='bbox 651 2437 721 2476; x_wconf 87' lang='lat' dir='ltr'>esse</span> <span class='ocrx_word' id='word_1_184' title='bbox 755 2419 881 2476; x_wconf 89' lang='lat' dir='ltr'>alteram</span> <span class='ocrx_word' id='word_1_185' title='bbox 913 2435 1013 2473; x_wconf 90' lang='lat' dir='ltr'>rerum</span> <span class='ocrx_word' id='word_1_186' title='bbox 1044 2415 1223 2472; x_wconf 90' lang='lat' dir='ltr'>mirabilium</span> 
     </span>
     <span class='ocr_line' id='line_1_23' title="bbox 79 2506 1315 2598; baseline -0.007 -19"><span class='ocrx_word' id='word_1_187' title='bbox 79 2521 292 2579; x_wconf 79' lang='lat' dir='ltr'>collectionem</span> <span class='ocrx_word' id='word_1_188' title='bbox 314 2515 354 2598; x_wconf 79' lang='lat' dir='ltr'>(c.</span> <span class='ocrx_word' id='word_1_189' title='bbox 372 2517 486 2597; x_wconf 82' lang='lat'>1-32)</span> <span class='ocrx_word' id='word_1_190' title='bbox 510 2521 549 2578; x_wconf 91' lang='lat' dir='ltr'>ab</span> <span class='ocrx_word' id='word_1_191' title='bbox 572 2521 629 2578; x_wconf 90' lang='lat' dir='ltr'>alio</span> <span class='ocrx_word' id='word_1_192' title='bbox 647 2516 817 2594; x_wconf 76' lang='lat' dir='ltr'>scriptam3.</span> <span class='ocrx_word' id='word_1_193' title='bbox 840 2520 931 2576; x_wconf 92' lang='lat' dir='ltr'>immo</span> <span class='ocrx_word' id='word_1_194' title='bbox 955 2526 1038 2576; x_wconf 89' lang='lat' dir='ltr'>certo</span> <span class='ocrx_word' id='word_1_195' title='bbox 1055 2516 1223 2573; x_wconf 91' lang='lat' dir='ltr'>videbimus</span> <span class='ocrx_word' id='word_1_196' title='bbox 1312 2506 1315 2511; x_wconf 71' lang='grc'><strong>’</strong></span> 
     </span>
     <span class='ocr_line' id='line_1_24' title="bbox 80 2621 1225 2698; baseline -0.005 -19"><span class='ocrx_word' id='word_1_197' title='bbox 80 2624 120 2680; x_wconf 89' lang='lat' dir='ltr'>ab</span> <span class='ocrx_word' id='word_1_198' title='bbox 142 2640 204 2679; x_wconf 93' lang='lat' dir='ltr'>uno</span> <span class='ocrx_word' id='word_1_199' title='bbox 228 2623 373 2698; x_wconf 88' lang='lat' dir='ltr'>scriptore</span> <span class='ocrx_word' id='word_1_200' title='bbox 396 2621 567 2697; x_wconf 83' lang='lat' dir='ltr'>proiectum</span> <span class='ocrx_word' id='word_1_201' title='bbox 590 2640 658 2680; x_wconf 92' lang='lat' dir='ltr'>esse</span> <span class='ocrx_word' id='word_1_202' title='bbox 687 2630 784 2679; x_wconf 89' lang='lat' dir='ltr'>toturn</span> <span class='ocrx_word' id='word_1_203' title='bbox 812 2622 962 2678; x_wconf 91' lang='lat' dir='ltr'>libellum:</span> <span class='ocrx_word' id='word_1_204' title='bbox 996 2638 1067 2676; x_wconf 90' lang='lat' dir='ltr'>nam</span> <span class='ocrx_word' id='word_1_205' title='bbox 1102 2626 1225 2675; x_wconf 88' lang='lat' dir='ltr'>constat</span> 
     </span>
     <span class='ocr_line' id='line_1_25' title="bbox 80 2720 1224 2800; baseline -0.006 -19"><span class='ocrx_word' id='word_1_206' title='bbox 80 2724 137 2782; x_wconf 90' lang='lat' dir='ltr'>sibi</span> <span class='ocrx_word' id='word_1_207' title='bbox 160 2724 349 2799; x_wconf 81' lang='lat' dir='ltr'>excerpendi</span> <span class='ocrx_word' id='word_1_208' title='bbox 371 2725 459 2782; x_wconf 88' lang='lat' dir='ltr'>ratio.</span> <span class='ocrx_word' id='word_1_209' title='bbox 492 2743 573 2800; x_wconf 88' lang='lat' dir='ltr'>quae</span> <span class='ocrx_word' id='word_1_210' title='bbox 595 2724 671 2780; x_wconf 90' lang='lat' dir='ltr'>ratio</span> <span class='ocrx_word' id='word_1_211' title='bbox 695 2723 772 2781; x_wconf 89' lang='lat' dir='ltr'>haec</span> <span class='ocrx_word' id='word_1_212' title='bbox 796 2733 851 2796; x_wconf 80' lang='lat' dir='ltr'>est,</span> <span class='ocrx_word' id='word_1_213' title='bbox 884 2732 917 2780; x_wconf 93' lang='lat' dir='ltr'>ut</span> <span class='ocrx_word' id='word_1_214' title='bbox 950 2739 1070 2797; x_wconf 89' lang='lat' dir='ltr'>semper</span> <span class='ocrx_word' id='word_1_215' title='bbox 1096 2720 1224 2794; x_wconf 90' lang='lat' dir='ltr'>scriptor</span> 
     </span>
     <span class='ocr_line' id='line_1_26' title="bbox 82 2816 1223 2900; baseline -0.004 -18"><span class='ocrx_word' id='word_1_216' title='bbox 82 2826 127 2882; x_wconf 90' lang='lat' dir='ltr'>eis</span> <span class='ocrx_word' id='word_1_217' title='bbox 150 2843 229 2900; x_wconf 88' lang='lat' dir='ltr'>quae</span> <span class='ocrx_word' id='word_1_218' title='bbox 252 2844 288 2882; x_wconf 87' lang='lat' dir='ltr'>ex</span> <span class='ocrx_word' id='word_1_219' title='bbox 312 2834 435 2884; x_wconf 89' lang='lat' dir='ltr'>auctore</span> <span class='ocrx_word' id='word_1_220' title='bbox 459 2843 513 2882; x_wconf 91' lang='lat' dir='ltr'>suo</span> <span class='ocrx_word' id='word_1_221' title='bbox 536 2825 628 2882; x_wconf 80' lang='lat' dir='ltr'>refert</span> <span class='ocrx_word' id='word_1_222' title='bbox 656 2826 795 2900; x_wconf 90' lang='lat' dir='ltr'>adponat</span> <span class='ocrx_word' id='word_1_223' title='bbox 816 2826 908 2880; x_wconf 88' lang='lat' dir='ltr'>verba</span> <span class='ocrx_word' id='word_1_224' title='bbox 931 2817 1007 2897; x_wconf 78' lang='grc' dir='ltr'>φαεί</span> <span class='ocrx_word' id='word_1_225' title='bbox 1030 2818 1154 2892; x_wconf 77' lang='grc' dir='ltr'>λέγουει</span> <span class='ocrx_word' id='word_1_226' title='bbox 1176 2816 1223 2878; x_wconf 89' lang='grc' dir='ltr'>λε’·</span> 
     </span>
     <span class='ocr_line' id='line_1_27' title="bbox 80 2920 1224 3001; baseline -0.008 -16"><span class='ocrx_word' id='word_1_227' title='bbox 80 2941 169 2997; x_wconf 85' lang='grc' dir='ltr'>γεται</span> <span class='ocrx_word' id='word_1_228' title='bbox 196 2921 240 2984; x_wconf 78' lang='grc' dir='ltr'>ὼ(</span> <span class='ocrx_word' id='word_1_229' title='bbox 263 2920 365 2986; x_wconf 80' lang='grc' dir='ltr'>ἔοικε4</span> <span class='ocrx_word' id='word_1_230' title='bbox 386 2922 616 3001; x_wconf 79' lang='grc' dir='ltr'>μνημονεύουει</span> <span class='ocrx_word' id='word_1_231' title='bbox 643 2925 855 2999; x_wconf 76' lang='grc' dir='ltr'>μυθολογοῦει</span> <span class='ocrx_word' id='word_1_232' title='bbox 883 2923 971 2984; x_wconf 75' lang='grc' dir='ltr'>δοκεῖ</span> <span class='ocrx_word' id='word_1_233' title='bbox 998 2922 1115 2980; x_wconf 87' lang='lat' dir='ltr'>similia.</span> <span class='ocrx_word' id='word_1_234' title='bbox 1158 2921 1224 2994; x_wconf 88' lang='lat' dir='ltr'>qui-</span> 
     </span>
     <span class='ocr_line' id='line_1_28' title="bbox 22 3023 1223 3097; baseline -0.005 -14"><span class='ocrx_word' id='word_1_235' title='bbox 22 3080 25 3085; x_wconf 82' lang='lat'>.</span> <span class='ocrx_word' id='word_1_236' title='bbox 81 3028 136 3084; x_wconf 90' lang='lat' dir='ltr'>bus</span> <span class='ocrx_word' id='word_1_237' title='bbox 158 3026 295 3083; x_wconf 88' lang='lat' dir='ltr'>formulis</span> <span class='ocrx_word' id='word_1_238' title='bbox 316 3044 379 3083; x_wconf 87' lang='lat' dir='ltr'>non</span> <span class='ocrx_word' id='word_1_239' title='bbox 400 3026 497 3083; x_wconf 91' lang='lat' dir='ltr'>solum</span> <span class='ocrx_word' id='word_1_240' title='bbox 534 3027 700 3083; x_wconf 89' lang='lat' dir='ltr'>introducit</span> <span class='ocrx_word' id='word_1_241' title='bbox 722 3027 937 3097; x_wconf 85' lang='lat' dir='ltr'>narrationem,</span> <span class='ocrx_word' id='word_1_242' title='bbox 972 3033 1005 3080; x_wconf 93' lang='lat' dir='ltr'>ut</span> <span class='ocrx_word' id='word_1_243' title='bbox 1038 3023 1098 3079; x_wconf 93' lang='lat' dir='ltr'>hoc</span> <span class='ocrx_word' id='word_1_244' title='bbox 1129 3023 1223 3078; x_wconf 89' lang='lat' dir='ltr'>modo</span> 
     </span>
     <span class='ocr_line' id='line_1_29' title="bbox 84 3100 1303 3202; baseline -0.007 -17"><span class='ocrx_word' id='word_1_245' title='bbox 84 3127 235 3202; x_wconf 84' lang='lat' dir='ltr'>significet</span> <span class='ocrx_word' id='word_1_246' title='bbox 256 3145 291 3184; x_wconf 88' lang='lat' dir='ltr'>se</span> <span class='ocrx_word' id='word_1_247' title='bbox 313 3127 440 3184; x_wconf 90' lang='lat' dir='ltr'>aliorum</span> <span class='ocrx_word' id='word_1_248' title='bbox 462 3128 677 3185; x_wconf 89' lang='lat' dir='ltr'>auctoritatem</span> <span class='ocrx_word' id='word_1_249' title='bbox 705 3127 800 3201; x_wconf 86' lang='lat' dir='ltr'>sequi,</span> <span class='ocrx_word' id='word_1_250' title='bbox 832 3145 935 3183; x_wconf 87' lang='lat' dir='ltr'>verum</span> <span class='ocrx_word' id='word_1_251' title='bbox 957 3126 1134 3200; x_wconf 85' lang='lat' dir='ltr'>plerumque</span> <span class='ocrx_word' id='word_1_252' title='bbox 1160 3130 1223 3178; x_wconf 88' lang='lat' dir='ltr'>tam</span> <span class='ocrx_word' id='word_1_253' title='bbox 1299 3100 1303 3107; x_wconf 63' lang='lat'>.</span> 
     </span>
     <span class='ocr_line' id='line_1_30' title="bbox 82 3224 1224 3302; baseline -0.005 -17"><span class='ocrx_word' id='word_1_254' title='bbox 82 3230 170 3286; x_wconf 88' lang='lat' dir='ltr'>anxie</span> <span class='ocrx_word' id='word_1_255' title='bbox 198 3237 300 3286; x_wconf 87' lang='lat' dir='ltr'>servat</span> <span class='ocrx_word' id='word_1_256' title='bbox 321 3227 401 3285; x_wconf 92' lang='lat' dir='ltr'>hunc</span> <span class='ocrx_word' id='word_1_257' title='bbox 430 3246 555 3297; x_wconf 85' lang='lat' dir='ltr'>morem,</span> <span class='ocrx_word' id='word_1_258' title='bbox 593 3237 626 3284; x_wconf 92' lang='lat' dir='ltr'>ut</span> <span class='ocrx_word' id='word_1_259' title='bbox 659 3245 765 3285; x_wconf 88' lang='lat' dir='ltr'>omnes</span> <span class='ocrx_word' id='word_1_260' title='bbox 800 3228 933 3302; x_wconf 90' lang='lat' dir='ltr'>capitum</span> <span class='ocrx_word' id='word_1_261' title='bbox 967 3224 1137 3282; x_wconf 88' lang='lat' dir='ltr'>sententiae</span> <span class='ocrx_word' id='word_1_262' title='bbox 1172 3231 1224 3279; x_wconf 87' lang='lat' dir='ltr'>aut</span> 
     </span>
     <span class='ocr_line' id='line_1_31' title="bbox 83 3325 1223 3404; baseline -0.007 -17"><span class='ocrx_word' id='word_1_263' title='bbox 83 3348 144 3387; x_wconf 87' lang='lat' dir='ltr'>acc.</span> <span class='ocrx_word' id='word_1_264' title='bbox 171 3348 196 3390; x_wconf 89' lang='lat' dir='ltr'>c.</span> <span class='ocrx_word' id='word_1_265' title='bbox 218 3329 269 3387; x_wconf 87' lang='lat' dir='ltr'>inf.</span> <span class='ocrx_word' id='word_1_266' title='bbox 294 3328 421 3386; x_wconf 73' lang='lat' dir='ltr'>formam</span> <span class='ocrx_word' id='word_1_267' title='bbox 445 3330 572 3387; x_wconf 89' lang='lat' dir='ltr'>induant</span> <span class='ocrx_word' id='word_1_268' title='bbox 601 3338 654 3386; x_wconf 89' lang='lat' dir='ltr'>aut</span> <span class='ocrx_word' id='word_1_269' title='bbox 676 3339 855 3404; x_wconf 81' lang='lat' dir='ltr'>repetantur</span> <span class='ocrx_word' id='word_1_270' title='bbox 887 3329 938 3384; x_wconf 89' lang='lat' dir='ltr'>illa</span> <span class='ocrx_word' id='word_1_271' title='bbox 972 3327 1070 3383; x_wconf 82' lang='lat' dir='ltr'>verba.</span> <span class='ocrx_word' id='word_1_272' title='bbox 1103 3325 1160 3381; x_wconf 88' lang='lat' dir='ltr'>etsi</span> <span class='ocrx_word' id='word_1_273' title='bbox 1192 3325 1223 3379; x_wconf 93' lang='lat' dir='ltr'>in</span> 
     </span>
     <span class='ocr_line' id='line_1_32' title="bbox 86 3426 1223 3507; baseline -0.005 -21"><span class='ocrx_word' id='word_1_274' title='bbox 86 3432 190 3488; x_wconf 90' lang='lat' dir='ltr'>ultima</span> <span class='ocrx_word' id='word_1_275' title='bbox 212 3431 400 3507; x_wconf 89' lang='lat' dir='ltr'>potissimum</span> <span class='ocrx_word' id='word_1_276' title='bbox 429 3431 494 3487; x_wconf 87' lang='lat' dir='ltr'>libri</span> <span class='ocrx_word' id='word_1_277' title='bbox 526 3440 613 3504; x_wconf 89' lang='lat' dir='ltr'>parte</span> <span class='ocrx_word' id='word_1_278' title='bbox 644 3431 798 3487; x_wconf 87' lang='lat' dir='ltr'>interdum</span> <span class='ocrx_word' id='word_1_279' title='bbox 827 3439 947 3505; x_wconf 88' lang='lat' dir='ltr'>praeter</span> <span class='ocrx_word' id='word_1_280' title='bbox 972 3429 1056 3484; x_wconf 90' lang='lat' dir='ltr'>initia</span> <span class='ocrx_word' id='word_1_281' title='bbox 1091 3426 1223 3500; x_wconf 88' lang='lat' dir='ltr'>capitum</span> 
     </span>
     <span class='ocr_line' id='line_1_33' title="bbox 83 3525 1222 3610; baseline -0.006 -21"><span class='ocrx_word' id='word_1_282' title='bbox 83 3533 221 3590; x_wconf 90' lang='lat' dir='ltr'>oratione</span> <span class='ocrx_word' id='word_1_283' title='bbox 252 3533 344 3589; x_wconf 90' lang='lat' dir='ltr'>utitur</span> <span class='ocrx_word' id='word_1_284' title='bbox 365 3540 458 3610; x_wconf 79' lang='lat' dir='ltr'>recta,</span> <span class='ocrx_word' id='word_1_285' title='bbox 490 3541 523 3589; x_wconf 92' lang='lat' dir='ltr'>ut</span> <span class='ocrx_word' id='word_1_286' title='bbox 546 3550 570 3588; x_wconf 72' lang='lat' dir='ltr'>c,</span> <span class='ocrx_word' id='word_1_287' title='bbox 595 3533 665 3599; x_wconf 76' lang='lat'>102,</span> <span class='ocrx_word' id='word_1_288' title='bbox 691 3533 758 3600; x_wconf 86' lang='lat'>103.</span> <span class='ocrx_word' id='word_1_289' title='bbox 784 3533 842 3588; x_wconf 81' lang='lat'>112</span> <span class='ocrx_word' id='word_1_290' title='bbox 876 3525 941 3606; x_wconf 90' lang='lat' dir='ltr'>(ubi</span> <span class='ocrx_word' id='word_1_291' title='bbox 963 3548 991 3605; x_wconf 91' lang='lat' dir='ltr'>p.</span> <span class='ocrx_word' id='word_1_292' title='bbox 1015 3530 1133 3587; x_wconf 68' lang='lat'>84125</span> <span class='ocrx_word' id='word_1_293' title='bbox 1168 3544 1222 3600; x_wconf 86' lang='lat' dir='ltr'>pro</span> 
     </span>
     <span class='ocr_line' id='line_1_34' title="bbox 84 3627 1223 3710; baseline -0.007 -17"><span class='ocrx_word' id='word_1_294' title='bbox 84 3627 248 3709; x_wconf 78' lang='grc' dir='ltr'>ἐκβάλλειν</span> <span class='ocrx_word' id='word_1_295' title='bbox 271 3634 464 3691; x_wconf 88' lang='lat' dir='ltr'>scribendum</span> <span class='ocrx_word' id='word_1_296' title='bbox 487 3643 534 3690; x_wconf 83' lang='lat' dir='ltr'>est</span> <span class='ocrx_word' id='word_1_297' title='bbox 556 3627 726 3710; x_wconf 83' lang='grc' dir='ltr'>ἐκβάλλει),</span> <span class='ocrx_word' id='word_1_298' title='bbox 753 3633 926 3700; x_wconf 86' lang='grc'><strong>115-118,</strong></span> <span class='ocrx_word' id='word_1_299' title='bbox 951 3632 1024 3697; x_wconf 78' lang='grc'><strong>123,</strong></span> <span class='ocrx_word' id='word_1_300' title='bbox 1052 3629 1223 3687; x_wconf 78' lang='lat' dir='ltr'>rat-139.</span> 
     </span>
    </p>
   </div>
   <div class='ocr_carea' id='block_1_3' title="bbox 83 3827 1224 4429">
    <p class='ocr_par' dir='ltr' id='par_1_5' title="bbox 84 3827 1223 3988">
     <span class='ocr_line' id='line_1_35' title="bbox 180 3827 1223 3898; baseline -0.007 -17"><span class='ocrx_word' id='word_1_301' title='bbox 180 3828 191 3866; x_wconf 84' lang='lat'><strong>¹</strong></span> <span class='ocrx_word' id='word_1_302' title='bbox 210 3833 244 3884; x_wconf 85' lang='lat' dir='ltr'>cf.</span> <span class='ocrx_word' id='word_1_303' title='bbox 263 3833 360 3898; x_wconf 88' lang='lat' dir='ltr'>Epiph.</span> <span class='ocrx_word' id='word_1_304' title='bbox 380 3848 437 3898; x_wconf 82' lang='lat' dir='ltr'>exp.</span> <span class='ocrx_word' id='word_1_305' title='bbox 457 3832 500 3884; x_wconf 84' lang='lat' dir='ltr'>fid.</span> <span class='ocrx_word' id='word_1_306' title='bbox 514 3850 539 3898; x_wconf 91' lang='lat' dir='ltr'>p.</span> <span class='ocrx_word' id='word_1_307' title='bbox 556 3831 644 3883; x_wconf 76' lang='lat' dir='ltr'>1090a</span> <span class='ocrx_word' id='word_1_308' title='bbox 663 3834 719 3883; x_wconf 85' lang='grc' dir='ltr'>πᾶν</span> <span class='ocrx_word' id='word_1_309' title='bbox 737 3833 812 3898; x_wconf 83' lang='grc' dir='ltr'>Ζῷον</span> <span class='ocrx_word' id='word_1_310' title='bbox 833 3829 910 3893; x_wconf 79' lang='grc' dir='ltr'>ἔλεγε</span> <span class='ocrx_word' id='word_1_311' title='bbox 925 3831 976 3880; x_wconf 82' lang='grc' dir='ltr'>νοῦ</span> <span class='ocrx_word' id='word_1_312' title='bbox 997 3827 1094 3892; x_wconf 88' lang='lat' dir='ltr'>(Zeller</span> <span class='ocrx_word' id='word_1_313' title='bbox 1104 3833 1162 3877; x_wconf 89' lang='lat' dir='ltr'>rest.</span> <span class='ocrx_word' id='word_1_314' title='bbox 1176 3841 1223 3891; x_wconf 92' lang='lat' dir='ltr'>pro</span> 
     </span>
     <span class='ocr_line' id='line_1_36' title="bbox 84 3913 1118 3988; baseline -0.012 -12"><span class='ocrx_word' id='word_1_315' title='bbox 84 3922 177 3987; x_wconf 79' lang='grc' dir='ltr'>ἔλεγεν</span> <span class='ocrx_word' id='word_1_316' title='bbox 195 3920 242 3988; x_wconf 82' lang='grc' dir='ltr'>οὐ)</span> <span class='ocrx_word' id='word_1_317' title='bbox 262 3920 389 3974; x_wconf 85' lang='grc' dir='ltr'>δεκτικὸν</span> <span class='ocrx_word' id='word_1_318' title='bbox 408 3921 479 3973; x_wconf 81' lang='grc' dir='ltr'>εἶναι</span> <span class='ocrx_word' id='word_1_319' title='bbox 499 3929 524 3970; x_wconf 93' lang='lat' dir='ltr'>et</span> <span class='ocrx_word' id='word_1_320' title='bbox 542 3920 676 3971; x_wconf 89' lang='lat' dir='ltr'>Plutarch.</span> <span class='ocrx_word' id='word_1_321' title='bbox 696 3921 721 3971; x_wconf 90' lang='lat' dir='ltr'>d.</span> <span class='ocrx_word' id='word_1_322' title='bbox 741 3919 801 3970; x_wconf 89' lang='lat' dir='ltr'>soll.</span> <span class='ocrx_word' id='word_1_323' title='bbox 821 3919 898 3969; x_wconf 88' lang='lat' dir='ltr'>anim.</span> <span class='ocrx_word' id='word_1_324' title='bbox 919 3934 941 3968; x_wconf 92' lang='lat' dir='ltr'>c.</span> <span class='ocrx_word' id='word_1_325' title='bbox 960 3917 976 3967; x_wconf 71' lang='lat' dir='ltr'>:l</span> <span class='ocrx_word' id='word_1_326' title='bbox 996 3933 1021 3981; x_wconf 92' lang='lat' dir='ltr'>p.</span> <span class='ocrx_word' id='word_1_327' title='bbox 1040 3913 1118 3966; x_wconf 74' lang='lat'>961³.</span> 
     </span>
    </p>

    <p class='ocr_par' dir='ltr' id='par_1_6' title="bbox 179 4004 690 4075">
     <span class='ocr_line' id='line_1_37' title="bbox 179 4004 690 4075; baseline -0.006 -13"><span class='ocrx_word' id='word_1_328' title='bbox 179 4005 315 4075; x_wconf 75' lang='lat' dir='ltr'>²orrtiqu.</span> <span class='ocrx_word' id='word_1_329' title='bbox 335 4004 462 4061; x_wconf 81' lang='lat' dir='ltr'>German.</span> <span class='ocrx_word' id='word_1_330' title='bbox 481 4010 495 4058; x_wconf 88' lang='grc' dir='ltr'><strong>Ι</strong></span> <span class='ocrx_word' id='word_1_331' title='bbox 513 4026 539 4074; x_wconf 90' lang='lat' dir='ltr'>p.</span> <span class='ocrx_word' id='word_1_332' title='bbox 558 4007 611 4060; x_wconf 75' lang='lat'>426</span> <span class='ocrx_word' id='word_1_333' title='bbox 631 4009 690 4059; x_wconf 85' lang='lat' dir='ltr'>adn.</span> 
     </span>
    </p>

    <p class='ocr_par' dir='ltr' id='par_1_7' title="bbox 181 4093 917 4160">
     <span class='ocr_line' id='line_1_38' title="bbox 181 4093 917 4160; baseline -0.003 -14"><span class='ocrx_word' id='word_1_334' title='bbox 181 4093 242 4150; x_wconf 62' lang='lat' dir='ltr'>les.</span> <span class='ocrx_word' id='word_1_335' title='bbox 261 4099 368 4147; x_wconf 89' lang='lat' dir='ltr'>Roseus</span> <span class='ocrx_word' id='word_1_336' title='bbox 387 4095 419 4150; x_wconf 83' lang='lat' dir='ltr'>do</span> <span class='ocrx_word' id='word_1_337' title='bbox 438 4096 526 4149; x_wconf 82' lang='lat' dir='ltr'>Arist.</span> <span class='ocrx_word' id='word_1_338' title='bbox 545 4096 605 4149; x_wconf 79' lang='lat' dir='ltr'>libr.</span> <span class='ocrx_word' id='word_1_339' title='bbox 624 4095 680 4148; x_wconf 78' lang='lat' dir='ltr'>ord.</span> <span class='ocrx_word' id='word_1_340' title='bbox 700 4101 724 4149; x_wconf 88' lang='lat' dir='ltr'>et</span> <span class='ocrx_word' id='word_1_341' title='bbox 743 4099 813 4147; x_wconf 78' lang='lat' dir='ltr'>rtrrot.</span> <span class='ocrx_word' id='word_1_342' title='bbox 831 4113 856 4160; x_wconf 89' lang='lat' dir='ltr'>p.</span> <span class='ocrx_word' id='word_1_343' title='bbox 876 4093 917 4145; x_wconf 68' lang='lat' dir='ltr'>ol.</span> 
     </span>
    </p>

    <p class='ocr_par' dir='ltr' id='par_1_8' title="bbox 83 4181 1224 4429">
     <span class='ocr_line' id='line_1_39' title="bbox 179 4181 1223 4251; baseline -0.001 -21"><span class='ocrx_word' id='word_1_344' title='bbox 179 4182 191 4220; x_wconf 79' lang='lat'><strong>⁴</strong></span> <span class='ocrx_word' id='word_1_345' title='bbox 209 4206 243 4230; x_wconf 94' lang='lat'>=</span> <span class='ocrx_word' id='word_1_346' title='bbox 257 4191 285 4234; x_wconf 91' lang='lat' dir='ltr'>ut</span> <span class='ocrx_word' id='word_1_347' title='bbox 304 4186 393 4251; x_wconf 83' lang='lat' dir='ltr'>fertur,</span> <span class='ocrx_word' id='word_1_348' title='bbox 412 4186 444 4237; x_wconf 85' lang='lat' dir='ltr'>cs.</span> <span class='ocrx_word' id='word_1_349' title='bbox 458 4186 596 4235; x_wconf 88' lang='lat' dir='ltr'>Bonitzius</span> <span class='ocrx_word' id='word_1_350' title='bbox 614 4183 671 4237; x_wconf 72' lang='lat' dir='ltr'>inii.</span> <span class='ocrx_word' id='word_1_351' title='bbox 687 4182 774 4237; x_wconf 78' lang='lat' dir='ltr'>Arist.</span> <span class='ocrx_word' id='word_1_352' title='bbox 788 4185 804 4234; x_wconf 95' lang='lat' dir='ltr'>i.</span> <span class='ocrx_word' id='word_1_353' title='bbox 815 4201 838 4235; x_wconf 93' lang='lat' dir='ltr'>v.</span> <span class='ocrx_word' id='word_1_354' title='bbox 850 4181 981 4246; x_wconf 83' lang='grc' dir='ltr'>ἐοικέναι;</span> <span class='ocrx_word' id='word_1_355' title='bbox 1003 4181 1223 4245; x_wconf 88' lang='lat' dir='ltr'>Wyttenbachius</span> 
     </span>
     <span class='ocr_line' id='line_1_40' title="bbox 84 4267 1224 4339; baseline 0 -18"><span class='ocrx_word' id='word_1_356' title='bbox 84 4272 110 4323; x_wconf 85' lang='lat' dir='ltr'>in</span> <span class='ocrx_word' id='word_1_357' title='bbox 137 4274 208 4327; x_wconf 91' lang='lat' dir='ltr'>Plut.</span> <span class='ocrx_word' id='word_1_358' title='bbox 238 4274 270 4324; x_wconf 89' lang='lat' dir='ltr'>de</span> <span class='ocrx_word' id='word_1_359' title='bbox 298 4290 355 4324; x_wconf 85' lang='lat' dir='ltr'>sera</span> <span class='ocrx_word' id='word_1_360' title='bbox 382 4290 452 4325; x_wconf 88' lang='lat' dir='ltr'>num.</span> <span class='ocrx_word' id='word_1_361' title='bbox 472 4275 541 4326; x_wconf 91' lang='lat' dir='ltr'>vind.</span> <span class='ocrx_word' id='word_1_362' title='bbox 564 4290 589 4339; x_wconf 90' lang='lat' dir='ltr'>p.</span> <span class='ocrx_word' id='word_1_363' title='bbox 610 4272 643 4325; x_wconf 96' lang='grc'>10</span> <span class='ocrx_word' id='word_1_364' title='bbox 662 4274 695 4339; x_wconf 90' lang='lat' dir='ltr'>(p.</span> <span class='ocrx_word' id='word_1_365' title='bbox 716 4269 799 4335; x_wconf 68' lang='lat' dir='ltr'>trab)</span> <span class='ocrx_word' id='word_1_366' title='bbox 829 4280 855 4321; x_wconf 90' lang='lat' dir='ltr'>et</span> <span class='ocrx_word' id='word_1_367' title='bbox 881 4272 908 4320; x_wconf 93' lang='lat' dir='ltr'>in</span> <span class='ocrx_word' id='word_1_368' title='bbox 936 4269 1074 4323; x_wconf 79' lang='lat' dir='ltr'>animadv.</span> <span class='ocrx_word' id='word_1_369' title='bbox 1093 4267 1130 4320; x_wconf 80' lang='lat' dir='ltr'>ud</span> <span class='ocrx_word' id='word_1_370' title='bbox 1148 4268 1224 4321; x_wconf 78' lang='lat' dir='ltr'>Ptur.</span> 
     </span>
     <span class='ocr_line' id='line_1_41' title="bbox 83 4358 1157 4429; baseline -0.004 -16"><span class='ocrx_word' id='word_1_371' title='bbox 83 4362 175 4415; x_wconf 81' lang='lat' dir='ltr'>moral.</span> <span class='ocrx_word' id='word_1_372' title='bbox 194 4379 220 4429; x_wconf 91' lang='lat' dir='ltr'>p.</span> <span class='ocrx_word' id='word_1_373' title='bbox 240 4361 310 4421; x_wconf 76' lang='lat'><strong>410;</strong></span> <span class='ocrx_word' id='word_1_374' title='bbox 330 4364 495 4411; x_wconf 89' lang='lat' dir='ltr'>Hermannus</span> <span class='ocrx_word' id='word_1_375' title='bbox 515 4363 547 4412; x_wconf 88' lang='lat' dir='ltr'>ad</span> <span class='ocrx_word' id='word_1_376' title='bbox 566 4363 631 4412; x_wconf 90' lang='lat' dir='ltr'>Luc.</span> <span class='ocrx_word' id='word_1_377' title='bbox 652 4362 777 4425; x_wconf 90' lang='lat' dir='ltr'>quomod.</span> <span class='ocrx_word' id='word_1_378' title='bbox 795 4360 922 4411; x_wconf 83' lang='lat' dir='ltr'>conscrib.</span> <span class='ocrx_word' id='word_1_379' title='bbox 942 4359 974 4408; x_wconf 94' lang='lat' dir='ltr'>sit</span> <span class='ocrx_word' id='word_1_380' title='bbox 992 4359 1051 4410; x_wconf 90' lang='lat' dir='ltr'>hist.</span> <span class='ocrx_word' id='word_1_381' title='bbox 1070 4375 1095 4423; x_wconf 92' lang='lat' dir='ltr'>p.</span> <span class='ocrx_word' id='word_1_382' title='bbox 1119 4358 1157 4409; x_wconf 82' lang='grc'>10.</span> 
     </span>
    </p>
   </div>
   <div class='ocr_carea' id='block_1_4' title="bbox 0 0 1350 4732">
    <p class='ocr_par' dir='ltr' id='par_1_9' title="bbox 0 0 1350 4732">
     <span class='ocr_line' id='line_1_42' title="bbox 0 0 1350 4732; baseline 0 0"><span class='ocrx_word' id='word_1_383' title='bbox 0 0 1350 4732; x_wconf 95' lang='lat' dir='ltr'> </span> 
     </span>
    </p>
   </div>
  </div>
 </body>
</html>
