2678 4732
640 260 673 320 51

76 467 152 509 nam
174 450 268 508 frusta
291 449 341 507 illa
364 469 389 508 c.
415 451 463 518 50,
491 450 655 506 252-253
680 467 708 522 p.
732 448 808 504 6321ι
827 449 864 504 33
890 463 963 520 sqq,
998 463 1077 519 quae
1099 442 1229 520 pessime

75 553 214 611 inculcat
238 552 364 626 scriptor
406 551 436 607 in
469 551 562 608 aliurn
597 566 763 618 conexum,
798 557 830 606 et
857 567 880 608 c.
905 540 972 614 49¹³,
1007 549 1068 606 260
1099 566 1127 621 p.
1151 548 1241 604 633²·

76 656 120 712 29
143 671 219 728 sqq,
255 671 426 727 quaecum
454 652 705 708 antecedentibus
725 651 809 707 nullo
834 650 952 706 vinculo
988 649 1151 705 coniuncta
1174 647 1228 703 ad·

77 763 270 831 sperguntur,
293 755 376 810 unde
399 755 581 829 deprompta
604 753 664 809 sint
687 771 744 809 nec
767 752 878 808 scimus
891 769 949 807 nec
963 751 1090 807 multum
1103 749 1229 806 interest

77 857 166 916 scire.

182 958 292 1015 Restat
315 958 380 1014 libri
402 957 528 1014 initium.
575 956 658 1012 cuius
682 956 712 1012 in
736 955 891 1030 prooemio
915 955 1067 1028 quaedam
1090 953 1230 1008 videntur

78 1058 186 1117 deberi
208 1060 308 1115 octavi
331 1059 359 1118 h.
377 1077 404 1115 a.
429 1057 495 1114 libri
519 1058 635 1129 initio¹,
660 1058 716 1113 sed
739 1076 778 1114 ne
801 1065 906 1113 cetera
929 1055 1053 1129 quidem
1066 1053 1228 1128 suspiceris

80 1161 121 1217 de
149 1178 204 1216 suo
238 1161 397 1218 addidisse
428 1159 613 1233 scriptorem.
658 1167 722 1214 tum
756 1155 864 1232 §lp
890 1151 1113 1216 608b19—c.
1138 1157 1165 1229 2,
1189 1155 1228 1213 28

78 1280 109 1336 p.
135 1256 209 1320 610b
232 1264 269 1320 19
294 1270 462 1320 tractantur
489 1261 661 1318 animalium
683 1262 834 1318 amicitiae
858 1271 889 1318 et
911 1261 1092 1318 inimicitiae.
1137 1258 1229 1312 aliurn

80 1372 239 1420 auctorem
263 1363 311 1419 hic
335 1363 471 1437 sequitur
499 1364 628 1438 scriptor
661 1371 754 1438 atque
778 1362 1033 1436 Theophrastum,
1067 1360 1139 1435 quia
1167 1359 1229 1415 dis·

80 1473 210 1539 crepant
231 1483 294 1520 non
318 1464 402 1522 nulla
431 1465 469 1519 ab
493 1464 535 1521 eis
569 1483 648 1539 quae
670 1463 905 1538 Theophrastea
934 1481 1002 1520 esse
1033 1461 1229 1536 cognovimus

80 1558 166 1642 (vide
190 1565 408 1641 Dittmeyernm
439 1567 455 1624 l.
475 1567 492 1625 l.
509 1585 537 1640 p.
555 1568 593 1624 76
607 1560 696 1642 sq.)2.
741 1568 781 1622 de
807 1566 895 1622 huius
924 1565 1016 1639 partis
1045 1571 1168 1621 auctore
1196 1571 1230 1618 ut

82 1667 291 1724 coniecturam
305 1668 519 1742 periclitemur,
542 1668 671 1742 proponi
687 1675 789 1742 potest
804 1667 961 1724 Eudemus
974 1665 1122 1738 Rhodius,
1138 1681 1230 1737 quem

81 1770 123 1825 de
152 1769 326 1826 animalium
354 1770 490 1826 amicitiis
519 1769 617 1842 egisse
646 1769 771 1842 colligas
801 1787 838 1826 ex
860 1768 988 1825 Aeliano
1010 1765 1053 1822 lV
1076 1765 1114 1822 45
1139 1772 1230 1819 etex

82 1870 215 1944 septimo
239 1869 416 1926 Ethicorum
438 1870 523 1937 libro,
547 1870 602 1925 ubi
624 1886 718 1944 saepe
741 1870 812 1926 talia
833 1869 942 1927 adfert.
976 1875 1008 1923 et
1029 1874 1100 1922 sunt
1121 1865 1228 1939 quibus

82 1970 256 2027 stabiliatur
281 1970 360 2027 haec
382 1971 565 2030 coniectura.
610 1989 647 2027 an
673 1988 745 2026 casu
775 1988 884 2027 censes
912 1968 1058 2025 accidisse
1081 1975 1113 2023 ut
1137 1983 1230 2023 causa

80 2089 136 2128 cur
158 2071 270 2128 bellum
297 2090 365 2130 esse
394 2073 473 2128 inter
503 2071 644 2129 animalia
667 2073 786 2128 dicatur
809 2072 859 2141 §7
884 2089 912 2144 p.
931 2063 1007 2128 608¹)
1024 2071 1061 2128 19
1090 2063 1231 2140 πόλεμοί

80 2170 141 2247 μὲν
170 2168 228 2234 οὗν
256 2169 336 2248 πρὸ(
365 2168 489 2246 ἄλληλα
516 2172 581 2232 τοῖς
616 2170 708 2252 Ζῴοιι
742 2168 832 2244 έττίν,
867 2167 926 2231 ὅια
953 2167 1028 2230 τοὺς
1054 2164 1172 2228 αὐτού(
1194 2184 1229 2227 τε

79 2270 208 2348 κατέχει
240 2269 360 2333 τόπον(
393 2271 445 2333 καὶ
476 2270 539 2333 ἀπὸ
568 2273 632 2333 τῶν
660 2269 766 2333 αὐτῶν
799 2271 937 2333 ποιεῖται
963 2271 1021 2347 τὴν
1051 2269 1137 2346 Ζωήν
1162 2270 1228 2331 κτλ.

80 2378 193 2434 redeat
220 2378 331 2434 eadem
356 2378 387 2434 in
416 2376 547 2433 Eudemi
570 2376 684 2433 Ethicis
707 2395 737 2450 p.
757 2378 905 2434 1235219
934 2373 985 2435 καὶ
1014 2372 1053 2435 τὰ
1076 2369 1139 2433 ἀπὸ
1162 2372 1228 2432 τῶν

78 2472 191 2537 αὐτῶν
213 2473 396 2552 τρεφόμενα
421 2474 557 2550 πολέμια
582 2471 733 2550 ἀλλήλοις
756 2473 866 2558 Ζῷα13
910 2495 982 2534 nam
1004 2477 1037 2532 id
1060 2476 1228 2532 tenendum

79 2587 131 2635 est
152 2579 232 2636 hanc
255 2579 437 2635 sententiam
459 2579 610 2654 praemitti
633 2580 689 2634 toti
712 2580 751 2634 illi
772 2580 845 2635 noui
872 2579 937 2635 libri
961 2576 1172 2652 disputationi,
1195 2583 1228 2630 ut

78 2679 234 2735 indicetur
255 2697 315 2752 qua
338 2681 385 2734 via
407 2698 443 2735 ac
458 2681 576 2736 ratione
593 2697 656 2735 rem
673 2688 907 2752 pertractaturos
923 2680 961 2736 sit
976 2680 1113 2754 scriptor.
1142 2692 1228 2750 prae·

78 2791 167 2838 terea
189 2782 284 2855 §8p
303 2776 434 2840 608117
459 2781 587 2856 legimus
614 2777 690 2841 ὅθεν
714 2778 765 2840 καὶ
787 2778 844 2840 τὰ(
866 2777 1005 2855 διεδρίαε
1025 2776 1077 2839 καὶ
1098 2775 1154 2838 τὰ(
1177 2794 1227 2836 co·

77 2877 208 2954 νεδρίαι
234 2876 264 2940 οἱ
285 2876 412 2954 μάντειε
435 2876 637 2957 λαμβάνοντι,
661 2878 770 2956 οίεορα
793 2880 850 2955 μὲν
872 2878 913 2941 τὰ
926 2878 1063 2955 πολέμια
1078 2875 1227 2947 τιθέντες,

78 2980 217 3059 (ύνεδρα
240 2982 275 3044 δὲ
298 2982 337 3044 τὰ
361 2980 549 3059 εἰρηνοῦντα
571 2980 652 3057 πρὸ(
676 2978 810 3057 ἄλληλα.
849 2983 961 3039 eadem
976 2999 1023 3038 res
1044 2979 1231 3056 significatur

79 3087 121 3141 ab
143 3085 286 3143 Eudemo
309 3086 408 3144 Ethic.
431 3104 460 3160 p.
483 3078 578 3144 123612
597 3086 614 3142 6
632 3103 698 3159 sqq.
743 3079 775 3143 oti
798 3078 824 3143 δ’
851 3078 945 3143 ἄλλαι
965 3079 1019 3158 (sc.
1041 3075 1158 3157 φιλίαι)
1179 3075 1230 3139 καὶ

80 3184 117 3247 ἐν
140 3186 206 3247 τοῖς
221 3185 341 3262 θηρίοιε
359 3185 410 3247 καὶ
425 3184 463 3246 τὸ
479 3185 631 3262 χρήειμον
647 3182 697 3246 ἐπὶ
714 3181 825 3260 μικρόν
840 3202 869 3244 τι
883 3181 1032 3260 φαίνεται
1048 3177 1230 3256 ἐνυπάρχον

80 3285 134 3348 καὶ
162 3285 243 3363 πρὸ(
271 3284 441 3363 ἄνθρωπον
468 3288 535 3348 τοῖε
563 3283 693 3362 ἡμέραι(
723 3284 775 3346 καὶ
800 3283 880 3361 πρὸς
911 3281 1043 3363 ἄλληλα,
1077 3278 1149 3344 οἷον
1172 3278 1230 3342 τὸν

79 3386 230 3466 τροχίλον
263 3387 357 3465 φηεὶν
385 3385 558 3464 Ἡρόδοτοι
594 3391 639 3470 τῷ
667 3385 862 3466 κροκοδείλῳ
890 3385 941 3447 καὶ
969 3382 1013 3446 ὡ(
1043 3380 1073 3445 o‘r
1101 3382 1229 3459 μάντει(

80 3487 139 3550 τὰ(
168 3488 349 3566 ιυνεορείαε
373 3488 424 3552 καὶ
451 3487 607 3565 οιεδρείατ
635 3487 789 3562 λέγουειν.
834 3489 910 3546 dicit
938 3489 1018 3544 enim
1040 3488 1087 3543 vel
1117 3486 1155 3542 ab
1178 3502 1230 3541 au-

82 3591 214 3664 spicibus
237 3609 288 3648 eas
321 3610 392 3648 aves
425 3592 571 3665 distingui
606 3609 686 3666 quae
718 3599 842 3665 propter
872 3589 1031 3645 utilitatem
1062 3586 1229 3644 concordia

81 3693 161 3749 inter
183 3710 216 3748 se
239 3700 361 3750 utantur
383 3701 414 3750 et
437 3710 516 3768 quae
540 3693 600 3749 sint
618 3693 776 3750 discordes
796 3692 928 3748 eandem
951 3692 991 3746 ob
1007 3707 1141 3747 causam.
1179 3689 1229 3762 qui

82 3811 254 3852 consensus
284 3813 321 3851 eo
352 3794 383 3851 fit
412 3795 635 3853 memorabilior
664 3795 749 3869 quod
778 3793 841 3850 fere
871 3810 1022 3866 nusquam
1054 3792 1123 3849 alibi
1145 3791 1228 3847 inve-

182 4034 193 4071 1
212 4037 263 4086 boc
282 4037 334 4085 iam
353 4036 591 4086 animadverterunt
610 4036 746 4086 Aubertus
766 4043 792 4085 et
811 4037 948 4087 Wimmer.

181 4121 193 4158 ²
213 4125 291 4174 etiam
312 4141 369 4174 curn
387 4125 533 4175 Aristotele
552 4132 670 4190 pugnant
690 4125 831 4191 quaedam,
850 4127 882 4177 cf.
901 4125 972 4174 idem
991 4141 1016 4189 p.
1038 4123 1069 4175 17
1091 4139 1129 4187 sq.

184 4209 195 4246 Β
214 4214 262 4263 etsi
282 4213 366 4264 simile
385 4214 449 4279 quid
469 4222 688 4263 commemoratur
706 4214 734 4262 in
754 4214 792 4262 eis
813 4229 879 4278 quae
898 4213 1073 4279 probabiliter
1093 4213 1125 4260 ad
1145 4210 1229 4260 Theo·

80 4300 217 4368 phrastum
236 4303 381 4352 reseruntur
401 4319 422 4354 c.
443 4302 467 4368 t,
486 4301 521 4354 48
540 4319 565 4368 p.
585 4300 685 4355 trabs
709 4301 825 4367 μάχεται
844 4301 874 4354 δὲ
894 4304 940 4365 (sc.
959 4301 977 4367 ἡ
996 4300 1081 4368 γαλῆ)
1106 4302 1151 4353 κα1
1167 4306 1228 4353 rote

81 4391 163 4458 ὄφεει
182 4389 298 4456 μάλιετα
316 4397 376 4444 τοῑε
394 4389 547 4458 μυοθὴραιε
567 4391 612 4445 διὰ
631 4391 664 4444 τὸ
684 4392 728 4444 κα1
747 4389 838 4456 αὐτὴν
849 4394 936 4443 τοῦτο
949 4391 982 4443 τὸ
1001 4394 1076 4461 Ζῷον
1090 4391 1227 4459 θηρεύειν.
