2678 4732
634 208 667 262 II

32 450 38 459 ‚
83 393 190 452 theum
208 391 385 468 ¹quoddam
423 396 456 445 ut
489 388 609 444 videtur
643 387 831 444 Atheniense
869 396 1137 447 commemoratur:
1169 388 1229 446 hoc

81 504 186 554 autem
207 494 263 551 sub
288 491 448 548 Hadriano
471 491 595 546 demum
617 489 801 564 imperatore
826 490 984 547 conditum
1008 484 1085 549 est¹.
1129 498 1160 547 at
1183 498 1228 547 ta-

83 616 156 655 men
176 595 277 671 plures
300 593 330 649 in
351 592 411 650 hac
433 609 465 648 re
487 592 583 648 latent
605 589 807 649 difficultates.
830 609 928 666 nuper
950 590 1030 647 enirn
1053 591 1152 648 extitit
1167 591 1228 647 lor-

83 693 205 757 danus2
234 695 284 771 qui
320 694 444 751 omnino
478 700 604 767 negaret
636 709 797 749 commune
830 693 904 749 illud
938 692 1071 749 omnium
1102 694 1229 750 deorum

79 800 213 875 sacrum,
244 797 329 872 quod
350 795 542 852 Hadrianum
566 794 693 851 Athenis
727 793 908 852 aedificasse
938 796 1030 852 tradit
1061 794 1227 854 Pausanl

85 902 135 969 18,
158 903 187 970 9,
217 898 311 955 fuisse
334 895 505 954 Pantheum
534 903 588 952 aut
616 913 760 971 umquam
786 895 875 952 huius
902 896 987 952 modi
1018 897 1163 970 templum
1190 897 1229 954 ibi

83 1001 243 1059 conditum
265 1016 344 1057 esse.
376 997 434 1054 hoc
458 997 693 1054 concedendum
716 1004 763 1054 est
786 1015 824 1052 ex
846 995 1018 1054 Pausaniae
1042 998 1139 1073 verbis
1167 1015 1229 1056 non

82 1101 181 1179 sequI,
211 1110 244 1158 ut
266 1098 437 1158 Pantheum
463 1098 552 1156 fuerit
579 1098 653 1155 illud
681 1115 809 1155 sacrum.
845 1099 902 1154 sed
928 1098 1080 1156 deliberes
1103 1117 1229 1175 quaeso

82 1205 159 1279 quid
181 1203 219 1259 sit
240 1200 427 1277 probabilius
452 1217 543 1274 quam
565 1198 764 1267 Hadrianum,
795 1200 820 1255 si
842 1200 982 1257 omnibus
1005 1202 1052 1258 dis
1076 1201 1230 1258 dedicavit

82 1305 254 1380 delubrum,
276 1304 427 1360 imitatum
443 1319 510 1359 esse
527 1302 645 1358 Romae
662 1301 743 1358 urbis
756 1300 927 1357 Pantheum
937 1297 957 1360 3.
982 1319 1061 1376 quae
1077 1302 1230 1359 sententia

81 1405 286 1473 confirmatur,
317 1404 342 1460 si
365 1404 527 1477 dilIgenter
555 1406 781 1478 perpendemus
812 1421 951 1478 eaquae
975 1405 1101 1480 legimus
1127 1405 1157 1460 in
1180 1423 1230 1460 ca-

80 1507 147 1583 pite
176 1507 227 1564 illo
256 1506 320 1563 mir.
343 1522 442 1562 ausc:
476 1505 579 1561 omnia
609 1505 742 1563 clamant
770 1505 820 1563 hic
848 1504 1018 1561 Pantheum
1041 1505 1229 1561 Atheniense

81 1610 177 1684 idque
200 1609 239 1665 ab
260 1606 419 1664 Hadriano
443 1606 602 1664 conditum
631 1606 874 1680 intellegendum
904 1623 988 1665 esse·
1015 1625 1089 1663 sane
1119 1609 1229 1664 misere

81 1708 246 1767 confusum
269 1717 316 1765 est
338 1716 432 1783 caput
454 1709 542 1767 illud:
565 1708 704 1764 continet
726 1707 790 1765 sine
815 1708 908 1764 dubio
932 1708 1011 1765 duas
1035 1709 1173 1766 eiusdem
1187 1711 1230 1766 rei

81 1810 285 1885 narrationes
317 1827 445 1885 quarum
468 1810 563 1866 altera
590 1809 695 1884 incipit
722 1809 794 1865 inde
818 1827 836 1865 a
858 1810 955 1866 verbis
979 1804 1041 1868 ἕετι
1062 1807 1097 1869 δὲ
1120 1805 1199 1885 αὕτη
1209 1807 1230 1871 4.

84 1912 112 1970 si
134 1919 239 1968 autem
257 1911 389 1987 priorem
412 1911 499 1968 illam'
514 1910 720 1968 narrationem
735 1911 860 1966 omnino
882 1910 1060 1985 intellegere
1083 1912 1231 1981 volumuS,
1305 1918 1308 1927 “

86 2012 215 2071 Athenis
245 2012 338 2070 fuisse
369 2014 479 2081 olivam
507 2013 587 2070 illam
612 2013 741 2070 Panthei
772 2015 970 2070 statuendum
999 2022 1055 2074 est.
1087 2015 1171 2087 quod
1194 2032 1231 2071 eo

85 2115 233 2189 probatur
254 2115 340 2189 quod
361 2115 391 2171 in
414 2115 509 2172 altera
532 2123 788 2172 commemoratur
808 2114 912 2171 llissus
935 2114 1057 2173 flumen.
1088 2117 1144 2171 sed
1167 2115 1232 2172 fue·

84 2223 156 2272 runt
178 2216 229 2289 qui
252 2197 368 2273 oliuam
386 2213 598 2291 Olympiacam
620 2216 736 2273 dictam
758 2233 828 2272 esse
850 2216 1067 2284 existimarent,
1089 2223 1122 2272 ut
1145 2215 1231 2272 scho-

83 2316 175 2374 liasta
196 2316 227 2373 in
249 2314 378 2375 Theocr.
403 2315 447 2372 IV
471 2319 488 2375 7
512 2324 542 2374 et
571 2316 701 2374 fortasse
730 2315 896 2374 scholiasta
922 2316 953 2373 in
976 2316 1129 2391 Aristoph.
1153 2315 1230 2375 Plut.

85 2435 112 2477 v.
134 2413 227 2476 586⁶.
248 2426 409 2492 praeterea
431 2417 596 2476 scholiasta
617 2418 648 2474 in
670 2417 756 2476 Pind.
774 2416 893 2494 Olymp.
911 2418 958 2474 III
982 2421 1020 2478 60
1045 2428 1075 2475 et
1098 2417 1171 2476 VIII
1193 2419 1229 2476 12

85 2519 251 2576 memoriae
276 2519 380 2593 prodit
395 2517 554 2594 Olympiae
574 2519 605 2575 in
621 2519 758 2577 Pantheo
781 2520 918 2577 floruisse
940 2520 1046 2597 olivaS,
1068 2539 1107 2576 ex
1123 2519 1231 2594 quibus

85 2637 221 2677 coronae
250 2621 395 2678 darentur
416 2620 579 2678 victoribus
589 2616 611 2680 ⁶.
646 2622 686 2676 de
708 2620 768 2678 hoc
790 2639 863 2678 vero
888 2621 1026 2678 Pantheo
1050 2620 1230 2696 Olympiaca

85 2720 157 2778 nihil
179 2721 302 2779 aliunde
325 2729 515 2796 compertum
537 2721 697 2780 habemus:
723 2731 755 2778 at
778 2723 890 2778 scimus
907 2740 943 2778 ex
960 2721 1093 2782 Pausan.
1109 2721 1135 2777 V
1150 2723 1231 2800 15,3

186 2935 314 3004 ¹prImus
338 2940 390 2989 hoc
413 2940 479 2989 vidit
496 2939 617 3005 Heynius
637 2939 664 2989 in
684 2939 846 2989 Beckmanni
871 2941 926 2992 mir.
945 2957 1015 2992 ausc.
1035 2941 1097 2993 edit.
1116 2959 1142 3009 p.
1163 2940 1230 3008 4143

85 3028 117 3080 cl.
137 3028 215 3077 etiam
233 3027 449 3078 Muellenhoffius
468 3028 487 3079 l.
506 3027 525 3078 l.
544 3044 570 3093 p.
589 3026 650 3080 426.

186 3103 274 3168 2rnd.
292 3114 349 3168 lect.
367 3114 517 3182 Repimorrt.
538 3113 608 3168 1883
626 3133 652 3182 p.
672 3115 688 3167 2
708 3132 766 3181 sqq.

186 3200 253 3254 istc
275 3205 402 3254 iudicavit
421 3205 497 3254 etiam
510 3204 726 3254 Wachsmuthius
745 3203 789 3257 die
807 3202 887 3258 &aar
905 3205 995 3259 Athea
1014 3204 1199 3260 tinniturum
1218 3209 1232 3258 I

86 3307 111 3356 p.
131 3290 196 3343 691:
221 3294 348 3342 Iordanus
376 3293 495 3342 nimirum
523 3293 575 3343 hoc
603 3294 746 3344 concedere
774 3310 828 3343 non
850 3296 942 3360 potuit,
971 3296 1031 3360 quia
1046 3296 1157 3345 Panthei
1186 3313 1230 3346 no-

87 3381 186 3429 tionem
208 3381 281 3430 aliud
306 3381 453 3444 significare
480 3382 532 3431 sibi
558 3383 688 3447 persuasit
714 3389 790 3448 atque
813 3398 950 3432 commune
977 3384 1093 3432 omnium
1121 3384 1230 3433 deorum

87 3484 197 3528 sacrum,
217 3470 265 3518 sed
284 3469 338 3519 eius
357 3470 446 3534 opinio
467 3478 536 3520 stare
556 3471 653 3535 nequit,
673 3470 745 3535 quod
764 3471 909 3520 accuratius
927 3471 1107 3521 demonstrare
1125 3489 1178 3522 non
1193 3481 1232 3522 est

86 3556 165 3606 huius
185 3557 248 3609 loci.

186 3644 268 3698 ⁴hoc
293 3649 386 3713 partim
411 3650 463 3698 iam
487 3650 609 3713 cognovit
634 3650 765 3699 Iordanus
786 3649 805 3701 l.
823 3649 840 3700 l.
860 3666 886 3715 p.
906 3648 934 3702 9:
963 3666 1017 3698 non
1040 3656 1107 3699 recte
1127 3650 1231 3715 quidem

87 3735 152 3784 dixit
171 3735 279 3785 alteram
306 3737 398 3803 capitis
423 3744 524 3802 partem
549 3753 604 3786 non
629 3738 854 3803 comprehendere
880 3738 931 3786 nisi
950 3739 1032 3787 verba
1052 3737 1108 3790 ἀπὸ
1126 3737 1232 3803 ταύτη(

87 3823 118 3875 δὲ
137 3823 170 3875 τὸ
189 3825 282 3889 φυτὸν
300 3825 434 3890 λαβόντε(
452 3828 510 3878 κτλ.
540 3842 662 3876 numerus
692 3827 836 3876 stadiorum
865 3827 892 3874 in
920 3825 968 3874 hac
997 3833 1070 3891 parte
1100 3833 1168 3876 certo
1193 3834 1232 3876 est

87 3918 233 3978 corruptus.

186 3998 259 4050 ⁵hic
279 4018 332 4052 non
350 4003 508 4062 necessario,
529 4003 590 4068 quia
610 4003 688 4052 etiarn
707 4019 826 4069 propago
845 4002 917 4052 illius
937 4003 1022 4052 olivae
1039 4003 1167 4069 appellari
1186 4020 1231 4069 po·

86 4089 135 4139 tuit
154 4089 373 4156 καλλιστέφανος
394 4089 480 4144 ἐλαία,
517 4090 644 4140 Duebner
662 4092 689 4140 in
709 4092 768 4142 adn.
789 4092 822 4140 ad
841 4091 867 4141 h.
880 4091 897 4143 l.
917 4091 1059 4154 significari
1077 4099 1151 4157 putat
1164 4093 1231 4142 Pan·

87 4176 176 4227 theum
196 4178 388 4245 Olympiacam.

186 4264 248 4318 lex
267 4268 309 4317 his
329 4268 397 4317 locis
416 4268 568 4318 Boeckhius
587 4268 615 4318 in
633 4269 694 4322 adn.
713 4269 746 4319 ad
766 4268 848 4320 schol.
872 4269 899 4317 in
922 4269 1027 4335 Olymp.
1049 4268 1145 4320 11160
1173 4285 1232 4317 con·

87 4355 169 4405 cludit
188 4356 343 4416 Pantheum,
364 4357 397 4405 de
417 4373 470 4421 quo
489 4373 511 4408 c.
530 4356 562 4408 r'rl
584 4357 687 4424 dicitur,
705 4358 785 4406 tuisse
804 4357 949 4422 Olympiae.
