2678 4732
648 206 683 260 23

95 380 215 443 λιττῶν
242 379 333 458 φύςις
357 377 383 441 εἰ
406 379 446 457 μὴ
464 379 516 442 διὰ
534 379 591 442 τὸν
614 379 722 453 γόνον,
757 379 800 442 ὥς
828 380 905 458 φαςί
927 400 1019 456 τινες,
1044 378 1112 444 οὐδ’
1140 380 1159 457 ἡ
1187 384 1246 445 τοῦ

95 479 264 555 κόκκυγος,
289 479 315 542 εἰ
340 480 380 557 μὴ
402 478 443 556 ἦν
465 479 484 555 ἡ
507 479 672 558 ὑπολαῖςῙ,
702 480 721 562 ᾗ
746 479 790 543 εἰς
812 480 870 557 τὴν
893 481 1101 568 νεοττιὰντά
1124 483 1173 567 ᾡὰ
1203 484 1245 546 τί-

96 584 204 659 θηςιν;
240 585 281 642 ad
303 603 328 644 c.
352 585 372 641 4
395 583 432 642 cf.
456 583 485 640 h.
514 584 554 658 pl.
576 584 622 640 IX
647 587 695 650 16,
720 589 734 642 1
769 581 807 643 τὸ
830 582 866 644 δὲ
889 581 1061 660 δίκταμνον
1083 581 1167 648 ἴδιον
1189 587 1244 661 τῆς

97 680 231 760 Κρήτης,
259 681 442 759 θαυμαςτὸν
463 683 499 744 δὲ
521 686 560 762 τῇ
588 679 720 758 δυνάμει
734 729 827 743 .....
851 680 984 746 ςπάνιον
1014 683 1049 746 δέ
1078 682 1153 748 terr·
1192 685 1245 748 καὶ

95 782 160 861 γὰρ
182 781 290 856 ὀλίγος
314 782 332 845 ὁ
356 782 456 846 τόπος
481 783 499 846 ὁ
521 783 633 860 φέρων
657 783 709 845 καὶ
735 787 853 847 τοῦτον
881 782 914 845 αἱ
944 781 1029 857 αἶγες
1059 783 1246 862 ἐκνέμονται

94 884 150 949 διὰ
177 884 215 946 τὸ
239 887 396 962 φιληδεῖν.
435 882 552 960 ἀληθὲς
568 885 604 948 δέ
634 905 730 962 φαςιν
761 883 843 947 εἶναι
872 884 924 946 καὶ
946 884 984 946 τὸ
1006 886 1079 962 περὶ
1107 889 1174 951 τῶν
1197 892 1244 966 βε-

94 988 175 1066 λῶν,
198 984 247 1047 ὅτι
269 986 448 1063 φαγούςαις
470 984 549 1049 ὅταν
572 989 763 1050 τοξευθῶςιν
786 984 967 1065 enantion
991 992 1032 1046 ad
1055 1010 1080 1050 c.
1100 996 1116 1049 5
1141 992 1179 1049 cf.
1205 993 1244 1048 de

94 1108 182 1149 caus.
204 1091 244 1164 pl.
261 1090 288 1146 Π
307 1090 386 1156 lat
411 1086 429 1148 8
453 1087 505 1148 καὶ
528 1086 579 1148 ἐπὶ
602 1089 660 1149 τοῦ
681 1090 788 1148 κιττοῦ
810 1089 868 1148 τοῦ
889 1087 961 1165 περὶ
983 1087 1022 1149 τὰ
1045 1089 1164 1166 κέρατα
1187 1088 1243 1169 (sc.

93 1187 239 1265 ἐλάφου)
265 1191 486 1267 βλαςτοῦντος,
515 1187 604 1265 εἴπερ
627 1186 667 1265 ἦν
690 1187 748 1250 οὐκ
770 1186 905 1262 &loton
929 1193 969 1247 ad
992 1211 1018 1248 c.
1043 1196 1060 1249 8
1084 1193 1122 1252 cf.
1144 1194 1178 1252 fr.
1203 1193 1244 1250 Vl

95 1294 138 1351 30
164 1287 231 1351 W.3
264 1289 367 1366 ἐχῖνος
391 1288 409 1352 ὁ
432 1292 576 1366 χερςαῑος
608 1288 816 1366 ςημαντικόν·
852 1292 987 1352 ποιεῖται
1010 1291 1046 1353 δὲ
1069 1290 1128 1353 δύο
1152 1290 1244 1364 ὀπάς,

94 1389 183 1454 ὅπου
210 1388 250 1452 ἂν
273 1388 352 1469 οἰκῇ,
378 1390 435 1466 τὴν
459 1391 516 1467 μὲν
539 1391 620 1467 πρὸς
644 1393 773 1468 βορρᾶν,
803 1390 862 1465 τὴν
892 1391 927 1453 δὲ
949 1389 1097 1455 νοτόθεν·
1129 1390 1244 1455 ὁποτέ-

94 1512 160 1571 ραν
184 1492 220 1553 bl
243 1491 282 1554 ἂν
304 1489 502 1573 ἀποφράττῃ,
527 1491 676 1554 ἐντεῦθεν
692 1494 819 1568 πνεῦμα
842 1490 992 1569 ςημαίνει,
1017 1492 1074 1555 ἐὰν
1091 1490 1117 1554 δ’
1142 1491 1243 1571 ἀμφο-

94 1593 202 1671 τέρας,
228 1591 348 1668 ἀνέμου
367 1591 509 1670 μέγεθος,
532 1596 641 1668 quibus
665 1595 763 1650 verbis
788 1595 889 1651 aditus
913 1595 1044 1669 aperitur
1066 1597 1108 1652 ad
1129 1596 1244 1653 intelle·

96 1699 204 1773 genda
226 1715 307 1771 quae
329 1698 393 1755 mir.
417 1714 498 1755 ause.
524 1699 579 1756 e.8
603 1706 634 1752 et
658 1696 723 1753 libri
745 1697 818 1752 noui
842 1696 911 1752 loco
929 1698 968 1752 de
992 1715 1030 1752 ea
1049 1716 1082 1753 re
1098 1697 1243 1757 feruntur.

200 1799 230 1855 Si
252 1807 354 1856 autem
383 1816 407 1857 ς.
432 1800 459 1874 3,
482 1799 513 1864 l,
536 1801 565 1873 5,
589 1800 615 1865 8,
639 1800 656 1855 9
680 1796 916 1870 Theophrastea
950 1797 1118 1865 continent,
1152 1799 1242 1855 etiam

95 1909 203 1960 cetera
224 1899 313 1956 huius
336 1917 405 1955 esse
429 1900 560 1956 auctoris
584 1899 712 1955 evictum
735 1908 788 1956 est.
835 1899 881 1954 cui
903 1915 974 1954 vero
997 1898 1063 1954 eius
1086 1899 1160 1955 libro
1184 1901 1244 1956 sint

95 2001 305 2061 adscribenda
327 2002 520 2074 perspicuum
543 2011 600 2058 est.
624 2000 722 2072 agitur
745 1999 808 2055 lore
831 2000 862 2054 iu
885 2000 1030 2055 omnibus>
1050 2001 1089 2056 rle
1111 2001 1242 2058 moribus

95 2102 161 2159 vita
184 2103 317 2159 sollertia
340 2103 520 2159 animalium.
558 2102 636 2158 ultro
659 2102 750 2176 igitur
773 2119 806 2156 se
830 2100 917 2157 offert
940 2101 1029 2157 nobis
1053 2101 1155 2158 titulus
1170 2100 1243 2177 περὶ

96 2202 192 2282 ζῴων
215 2201 401 2277 φρονήςευις
418 2200 468 2261 καὶ
484 2197 610 2275 ἤθους4.
649 2211 741 2276 atque
758 2203 850 2259 etiam
873 2221 899 2260 c.
925 2204 973 2277 12,
996 2201 1048 2257 ubi
1071 2201 1143 2258 nihil
1165 2205 1243 2262 inest

96 2304 168 2362 talis
190 2305 369 2378 argumenti,
392 2304 452 2361 hue
474 2312 602 2379 spectat,
627 2322 695 2360 cum
718 2304 745 2362 h.
762 2322 787 2362 a.
803 2303 848 2359 IX
871 2307 897 2375 6,
920 2306 961 2361 50
982 2321 1011 2377 p.
1025 2297 1103 2362 &12¹³
1121 2307 1159 2364 12
1175 2324 1241 2382 sqq.

93 2399 176 2478 ἦθος
198 2407 334 2463 animalis
357 2415 621 2466 commemoretur.

199 2507 284 2565 Duas
315 2517 416 2566 autem
446 2509 495 2564 hic
526 2509 691 2582 adiungam
721 2507 950 2564 observationes
984 2525 1064 2582 quae
1096 2510 1243 2567 iuvabunt

95 2618 279 2685 sequentem
303 2611 550 2684 disputationem.
587 2611 715 2684 primum
738 2611 818 2665 enim
841 2609 889 2665 hic
904 2609 964 2665 iam
980 2609 1126 2677 videmus
1150 2630 1242 2687 quam

95 2729 192 2786 saepe
207 2711 238 2766 in
253 2712 324 2786 ipsis
341 2713 380 2767 de
397 2712 575 2769 animalibus
599 2712 679 2767 libris
703 2712 813 2768 eadem
827 2711 981 2784 repetierit
997 2709 1238 2787 Theophrastus

94 2826 178 2887 quae
200 2812 325 2885 quidem
354 2813 469 2870 idonea
498 2821 602 2869 essent
631 2814 673 2869 ad
695 2812 796 2886 plures
827 2829 902 2885 quas
934 2812 1073 2868 tractavit
1102 2819 1155 2869 res
1175 2814 1240 2870 illu·

94 2913 248 2982 strandas
271 2930 355 2986 egr.
379 2922 409 2970 et
430 2914 575 2970 invidiam
597 2923 627 2970 et
650 2914 821 2972 sollertiam.
863 2913 907 2968 sic
929 2914 960 2968 in
983 2912 1058 2969 libro
1080 2909 1152 2987 περὶ
1174 2913 1239 2974 τῶν

96 3046 297 3053 --————-

198 3108 208 3145 ¹
227 3113 288 3161 haec
307 3114 360 3161 avis
380 3120 596 3161 commemoratur
614 3112 640 3163 h.
661 3129 683 3163 a.
703 3113 746 3160 IX
765 3109 808 3170 29,
830 3109 880 3163 105
900 3129 925 3176 p.
944 3110 1015 3163 018ει
1036 3111 1077 3164 10.

196 3197 208 3234 ²
225 3201 291 3252 haec
309 3201 400 3250 fabula
417 3201 549 3266 hodieque
564 3208 680 3250 narratur
693 3218 708 3250 a
721 3202 891 3250 venatoribus
904 3201 1083 3262 Cretensibus,
1102 3203 1134 3255 cs.
1145 3203 1242 3254 Keller

94 3290 115 3343 l.
134 3290 152 3341 l.
172 3306 198 3355 p.
217 3289 260 3342 36.

196 3374 277 3428 3boc
297 3395 360 3429 sane
379 3380 549 3442 fragmentum
568 3385 596 3427 ut
615 3379 693 3427 nobis
706 3378 816 3426 traditur
835 3378 1048 3444 aTheophrasto
1068 3379 1241 3445 conscriptum

94 3475 214 3531 nonest,
234 3469 279 3518 sed
299 3476 390 3518 contra
407 3470 555 3529 Heegerum
577 3465 620 3532 (de
633 3465 764 3532 Theopltr.
784 3466 832 3532 qui
844 3466 932 3531 fertur
950 3468 1013 3532 περὶ
1034 3466 1153 3531 ςημείων
1173 3466 1241 3520 libro

93 3556 200 3620 Lipsiae
220 3555 289 3608 1889
307 3573 332 3621 p.
347 3557 374 3621 8)
394 3571 489 3604 moneo
504 3554 722 3620 Theophrastum,
742 3555 815 3604 cuius
835 3555 902 3604 liber
920 3557 983 3620 περὶ
1003 3554 1121 3620 ςημείων
1146 3573 1242 3606 memo·

93 3650 166 3693 ratur
185 3660 200 3692 a
219 3645 305 3695 Laert.
324 3645 405 3707 Diog.
424 3646 451 3694 V
470 3642 513 3701 45,
544 3643 691 3692 adhibitum
711 3659 766 3693 esse
785 3642 827 3691 vel
847 3643 910 3691 inde
931 3659 1056 3708 apparere
1086 3645 1159 3708 quod
1188 3661 1241 3694 non

94 3732 168 3783 nulla
195 3733 362 3783 consentiunt
388 3749 445 3782 cum
465 3734 609 3794 fragmento
630 3733 692 3796 περὶ
715 3730 835 3795 ἀνέμων,
855 3731 888 3781 cf.
907 3727 920 3799 ξ
939 3730 973 3783 23
993 3747 1050 3780 cum
1070 3733 1138 3784 nv
1156 3731 1240 3793 bW.‚

94 3818 165 3889 §30
185 3837 243 3870 cum
262 3821 292 3873 fr.
310 3823 338 3870 V
356 3819 390 3873 58
407 3822 462 3880 W„
490 3817 557 3888 §33
577 3837 635 3869 cum
654 3821 727 3871 fr.V
747 3818 781 3871 15
797 3820 843 3871 W.
881 3820 908 3868 in
928 3819 977 3868 hac
997 3836 1024 3868 re
1044 3821 1140 3869 rectius
1164 3837 1240 3886 quam

93 3910 202 3974 Heeger
220 3910 345 3959 iudicavit
365 3910 505 3960 Boehmius
523 3907 555 3962 rie
577 3907 709 3975 Theophr.
734 3923 801 3975 qrrae
824 3909 953 3973 feruntur
977 3910 1039 3974 περὶ
1059 3907 1178 3974 ςημείων
1198 3925 1240 3963 ea·

93 3996 196 4065 captis
215 3999 279 4049 diss.
298 3998 361 4048 Hal.
383 3996 460 4063 1884,
487 3998 559 4046 cuius
580 3997 707 4061 reliquam
728 3998 760 4045 de
779 3997 830 4046 hoc
850 3997 995 4059 fragmento
1015 3997 1240 4047 ratiocinationem

93 4087 173 4137 valde
194 4087 323 4152 improbo.
354 4087 440 4151 itaque
459 4103 515 4135 meo
535 4087 590 4135 iure
609 4087 646 4134 uti
668 4085 719 4134 hoc
739 4085 883 4148 fragmento
902 4085 967 4133 mihi
987 4085 1079 4133 videor
1102 4085 1134 4133 ad
1155 4085 1241 4135 Theo-

93 4176 229 4243 phrasteas
249 4175 283 4224 de
301 4174 455 4224 animalibus
474 4174 611 4238 opiniones
632 4173 837 4236 cognoscendas.

195 4260 303 4314 ⁴huius
323 4264 386 4313 libri
405 4278 461 4313 esse
481 4280 502 4314 ς.
522 4263 538 4312 tl
559 4271 583 4311 et
607 4263 706 4313 liliam
727 4265 834 4311 Roseus
856 4279 881 4327 p.
902 4260 962 4327 2332,
984 4261 999 4310 h
1026 4261 1144 4326 ‹luamvis
1166 4270 1240 4309 caute

93 4353 243 4405 affirmavit.
