2678 4732
652 259 687 316 49

88 436 212 498 morari.
256 434 393 495 videmus
422 444 525 493 autem
548 436 796 511 Theophrastum
828 454 891 493 non
920 454 957 492 ex
991 435 1048 494 hac
1080 435 1239 512 repetiisse

89 540 170 607 illas
199 540 257 596 sed
286 537 482 595 condiciones
512 539 557 594 vel
589 537 768 594 affectiones
792 537 942 611 quasdam
967 533 1239 612 corporis'illarum

89 639 240 696 habuisse
263 656 378 697 causas.
421 638 480 695 hoc
509 637 703 694 confirmatur
726 638 796 694 loco
821 637 915 711 quinti
935 639 976 694 de
999 655 1079 697 caus.
1103 622 1142 712 pl.
1166 640 1240 714 libri,

92 741 182 798 cuius
214 741 245 796 in
274 740 369 815 prima
402 748 489 814 parte
521 757 625 796 rursus
657 747 858 813 perpensatur
891 739 939 794 illa
972 740 1013 795 de
1044 740 1240 814 generatione

10 840 13 845 ’
92 841 242 917 quaestio,
275 841 344 896 vide
366 841 447 897 enim
470 859 495 898 c.
512 843 573 915 7,3
597 840 648 897 ubi
669 839 733 896 aliis
758 839 931 896 animalium
947 840 1165 899 mutationibus
1184 841 1240 897 ad·

91 944 163 1000 latis
185 942 333 1018 pergitur:
356 939 479 1000 τῶνδὲ
502 937 554 999 καὶ
571 936 827 1014 τετελειωμένων
849 935 908 1013 ἤδη
926 936 1006 1000 κατὰ
1020 937 1060 999 τὰ
1083 937 1168 1015 πάθη
1188 939 1240 1001 καὶ

91 1040 152 1104 τὰς
175 1039 327 1103 διαθέςεις
350 1043 408 1103 τοῦ
430 1039 584 1116 ςώματος,
609 1039 640 1101 αἳ
663 1037 807 1112 γίνονται
830 1038 882 1101 διὰ
897 1039 953 1101 τὰς
969 1039 1131 1102 ἐπετείους
1154 1039 1239 1118 ὥρας

92 1142 201 1219 ὥςπερ
223 1145 290 1204 ταῖς
312 1139 437 1219 ὄρνιςιν.
481 1141 531 1204 ἐπὶ
558 1140 682 1204 τούτων
712 1140 772 1218 γὰρ
800 1139 931 1218 μάλιςτα
961 1140 1012 1202 καὶ
1040 1141 1166 1216 λέγεται
1189 1142 1240 1205 καὶ

93 1242 230 1321 ἔνδηλος
253 1246 318 1306 τῶν
341 1241 518 1320 χρωμάτων
545 1242 704 1320 μεταβολὴ
739 1242 812 1304 καὶ
845 1245 930 1306 τῶν
963 1240 1077 1305 ὅλων
1110 1243 1263 1321 ςωμά·.

93 1341 869 1421 των,ὥςτεδοκεῑνὲτὲρουςεἶναι.
893 1346 957 1406 κτλ.
993 1347 1157 1422 perspicies
1179 1350 1240 1407 iam

95 1468 188 1526 quarn
211 1449 291 1506 bene
314 1449 392 1506 haec
413 1456 584 1522 congruant
606 1465 675 1504 cnm
697 1448 733 1504 iis
757 1465 836 1522 quae
851 1450 924 1504 noni
941 1448 1005 1504 libri
1027 1468 1052 1506 c.
1070 1443 1127 1508 49¹>
1147 1468 1241 1526 expo·

94 1561 215 1627 huntur,
238 1551 398 1623 intelleges
420 1549 472 1623 qui
495 1550 534 1606 ad
557 1549 613 1604 ista
630 1548 660 1604 in
679 1548 754 1605 libro
767 1545 839 1622 περὶ
854 1550 918 1608 τῶν
939 1545 1128 1624 αὐτομάτων
1149 1553 1240 1633 Ζῴιυν

96 1653 208 1711 deferri
227 1652 361 1727 potuerit
377 1650 619 1725 Theophrastus,
654 1650 769 1706 scilicet
791 1649 883 1723 vulgo
904 1652 1085 1709 credebatur
1107 1672 1240 1729 upupam

96 1773 130 1811 re
153 1772 224 1810 vera
245 1746 433 1826 αὐτομάτως
456 1751 564 1807 mutari
586 1751 617 1806 in
640 1750 814 1825 accipitrem
836 1769 937 1826 neque
959 1770 1048 1810 secus
1072 1755 1146 1812 alias
1169 1774 1240 1812 aves

19 1910 23 1915 .
95 1856 127 1912 in
151 1856 234 1935 alias.
279 1853 357 1910 hanc
379 1853 555 1926 opinionem
578 1852 622 1908 sic
644 1851 753 1909 refellit
773 1851 1019 1926 Theophrastus:
1054 1873 1116 1911 non
1143 1858 1240 1915 nullas

96 1975 170 2015 aves
192 1956 362 2013 secundum
385 1955 457 2010 anni
479 1963 617 2028 tempora
645 1962 763 2010 mutare
786 1953 921 2010 colorem
943 1964 974 2010 et
997 1973 1112 2026 vocem,
1142 1957 1185 2014 ita
1209 1967 1241 2015 ut

94 2059 257 2115 videantur
276 2075 399 2131 prorsus
423 2074 491 2113 esse
511 2056 598 2114 allae.
636 2055 723 2111 simili
746 2057 840 2112 modo
864 2057 1044 2114 Aristoteles
1066 2057 1093 2117 h.
1110 2076 1136 2118 a.
1151 2058 1194 2115 Vl
1210 2062 1238 2132 7,

94 2162 131 2219 41
159 2176 188 2232 p.
202 2151 279 2217 563¹)
296 2160 331 2216 14
348 2175 413 2232 sqq.
438 2157 522 2213 reicit
544 2158 630 2230 quod
652 2157 791 2213 cuculum
815 2174 871 2214 sua
893 2167 1003 2232 sponte
1026 2158 1088 2215 fieri
1108 2178 1146 2215 ex
1162 2162 1240 2218 acci·

93 2261 173 2336 pitre
195 2261 346 2317 dicebant.
389 2269 421 2315 et
443 2276 514 2315 vero
545 2259 596 2315 illo
627 2259 729 2333 capite
752 2252 808 2316 49¹³
836 2259 913 2315 haec
942 2259 1124 2318 adhibentur
1151 2279 1237 2337 argu·

10 2370 17 2381 ”
93 2368 216 2429 menta;
245 2366 428 2417 monstratur
457 2359 512 2416 has
540 2360 674 2416 colorum
695 2369 725 2416 et
748 2378 857 2417 vocum
886 2361 1071 2418 mutationes
1094 2362 1187 2420 etiam
1209 2364 1239 2420 in

91 2464 169 2521 alias
193 2463 232 2519 de
255 2462 362 2535 quibus
389 2460 470 2516 illam
498 2461 795 2534 transfigurationem
822 2480 884 2518 non
910 2462 1141 2536 suspicabantur
1163 2482 1235 2522 aves

90 2565 215 2624 cadere.
259 2562 317 2619 etsi
339 2562 432 2636 ipsius
456 2561 659 2636 Theophrasti
687 2563 911 2636 argumentatio
937 2564 1038 2638 paullo
1067 2565 1176 2622 rectius
1204 2574 1236 2622 et
1267 2554 1270 2559 ’

90 2665 257 2723 dilucidius
279 2662 464 2738 processisse
486 2664 624 2735 putanda
647 2671 702 2721 est.

194 2766 258 2823 Iam
282 2766 360 2821 ultra
379 2765 450 2820 lieet
476 2765 627 2838 progredi.
672 2765 727 2821 illis
762 2765 842 2821 enirn
876 2765 1017 2822 librorum
1051 2769 1090 2824 de
1123 2768 1235 2842 plantis

88 2868 168 2927 locis
192 2868 243 2924 ubi
265 2865 494 2939 Theophrastus
517 2865 649 2938 loquitur
671 2867 711 2922 de
734 2867 934 2940 generatione
968 2886 1030 2924 non
1056 2870 1150 2925 modo
1182 2887 1235 2925 eas

89 2969 282 3029 mutationes
310 2986 388 3042 quae
416 2967 493 3023 fiunt
520 2961 706 3040 αὐτομάτως
739 2976 968 3044 commemorat,
1008 2987 1112 3026 verum
1148 2971 1239 3028 etiam

91 3088 152 3129 eas
175 3087 255 3146 quae
277 3078 343 3126 arte
365 3077 397 3124 et
419 3076 502 3125 certo
527 3069 652 3125 consilio
682 3068 852 3126 efficiuntur
873 3070 911 3126 ab
936 3069 1116 3145 hominibus,
1148 3071 1185 3131 cf.
1208 3071 1237 3133 h.

22 3230 25 3239 ,
89 3171 521 3249 p1.114‚1;d.caus.pt
547 3169 575 3226 V
598 3175 625 3242 6,
652 3173 697 3230 12.
729 3172 830 3229 ethic
862 3172 986 3248 quidem
1009 3191 1078 3230 cum
1109 3182 1238 3248 quaerat

91 3291 169 3333 num
191 3273 296 3348 planta
317 3274 464 3348 particula
487 3275 619 3348 quadam
641 3273 762 3330 sublata
785 3291 848 3330 non
872 3274 948 3331 ferat
974 3273 1111 3344 fructum,
1135 3293 1236 3333 rursus

93 3375 238 3432 animalia
259 3374 386 3431 adhibet
417 3376 458 3431 ad
485 3375 754 3448 comparationem.
798 3375 865 3449 lege
895 3375 989 3449 ipsius
1024 3377 1115 3432 verba
1146 3376 1173 3435 h.
1197 3378 1236 3450 pl.

90 3476 175 3550 114,
200 3477 218 3533 3
241 3469 267 3534 εἰ
291 3472 326 3534 δὲ
353 3470 434 3535 κατά
455 3491 524 3534 τινα
553 3471 693 3549 πήρωςιν
722 3471 932 3550 ἢάςραίρεςιν
961 3474 1075 3550 μέρους
1102 3474 1238 3551 δένδρον

93 3572 218 3651 ἄγονον
243 3571 372 3649 γίνεται,
405 3571 548 3649 καθάπερ
571 3573 610 3634 τὰ
633 3576 708 3654 Ζῷα,
738 3575 835 3636 τοῦτο
859 3574 1012 3636 ςκεπτέον
1034 3577 1099 3635 κτλ.
1144 3585 1176 3633 et
1198 3579 1238 3633 do

15 3686 33 3707 ⁶
92 3696 179 3737 caus.
203 3677 242 3753 pl.
260 3677 328 3744 Va,
342 3679 379 3736 13
403 3673 561 3752 ςυμβαίνει
584 3674 619 3736 δὲ
641 3673 692 3736 καὶ
714 3673 750 3737 ἐν
773 3671 881 3736 ἄλλοις
898 3675 1016 3751 μορίων
1029 3677 1123 3738 τινῶν
1140 3673 1235 3752 ἀφαι-

91 3775 258 3856 ρουμένων
290 3777 391 3838 ποιεῖν
417 3794 486 3837 τινα
513 3773 683 3852 διαφοράν,
719 3773 824 3851 ὥςπερ
857 3778 926 3838 ταῖς
960 3774 1123 3852 ἀμπέλοις,
1152 3775 1232 3838 ὅταν

91 3876 114 3955 ἡ
138 3875 240 3954 μήτρα
267 3879 324 3939 τοῦ
352 3875 510 3952 κλήματος
538 3880 643 3958 ξυςθῇ,
674 3876 749 3938 τοὺς
778 3875 893 3955 βότρυς
916 3875 1107 3954 ἀγιγάρτους
1137 3875 1235 3940 εἶναι·

92 3978 148 4041 καὶ
167 3977 268 4040 πίςτιν
290 3979 391 4039 ταῦτα
412 3975 595 4054 παράςχοιτ’
620 3975 659 4040 ἂν
682 3975 754 4038 >ι’ςως
777 3980 843 4040 τοῖς
866 3976 922 4056 ἀφ’
945 3975 1078 4040 ἑκάςτου
1099 3979 1164 4040 τῶν
1186 3997 1238 4056 με·

94 4083 162 4159 ρῶν
184 4079 329 4154 λέγουςιν
352 4076 477 4141 ἀπιέναι
504 4078 541 4140 τὸ
570 4078 718 4155 ςπέρμαὶ.
763 4079 846 4141 λύςις
874 4076 900 4140 δ’
930 4077 1011 4156 ἥπερ
1039 4076 1159 4155 εἴρηται
1186 4078 1238 4140 καὶ

95 4216 294 4227 ---.,--

196 4305 290 4358 1hanc
309 4308 459 4373 opinionem
478 4307 613 4374 impugnat
631 4307 795 4358 Aristoteles
816 4307 841 4359 d.
861 4322 920 4369 gen.
943 4307 1019 4356 anim.
1040 4307 1052 4353 I
1071 4305 1113 4372 17,
1134 4304 1168 4357 33
1180 4323 1237 4374 sqq.

94 4416 121 4469 p.
141 4395 209 4451 l2lb
223 4396 240 4449 9
253 4414 318 4464 sqq„
337 4397 445 4464 plantae
462 4403 694 4452 commemorantur
713 4396 755 4466 18,
774 4395 809 4448 37
825 4413 849 4463 p.
870 4394 935 4448 maa
950 4395 982 4446 11
998 4411 1054 4461 sqq.
