2678 4732
649 198 683 252 22

93 379 240 436 omittitur
262 385 442 435 venenatam
471 394 593 433 carnem
616 377 751 449 proicere
774 375 941 450 pantherae
965 385 1137 443 venatores,
1172 384 1241 433 tota

93 498 141 537 res
162 498 286 555 prorsus
308 480 439 535 obscura
460 485 574 535 manet.
590 495 661 533 nam
685 479 737 550 qui
753 478 854 534 sciunt
868 479 907 534 illi
924 487 1084 535 venatores
1100 479 1240 552 plantam

92 582 175 639 illam
198 582 321 638 noxiam
345 596 484 636 comesse
507 578 627 656 animal,
663 586 693 635 et
719 578 777 634 nisi
810 579 867 653 ipsi
898 579 977 636 hanc
1011 581 1039 635 ei
1069 580 1239 655 porrigunt,
1276 579 1294 605 ’-

94 684 169 758 quid
189 682 349 758 proficiunt
371 681 434 738 aliis
457 680 514 737 illis
537 676 829 736 machinationibus?
852 682 994 756 supplent
1016 682 1108 754 igitur
1136 699 1240 738 rursus

93 802 126 840 se
150 783 280 840 invicem
299 784 381 839 'duae
403 781 471 837 illae
494 782 693 837 narrationes.
717 781 777 837 iam
800 782 937 838 venimus
960 784 1002 838 ad
1023 800 1048 840 c,
1074 785 1092 840 8
1117 783 1187 841 coll.
1208 781 1240 840 h.

94 904 120 943 a.
142 885 187 940 lX
210 886 239 952 6,
262 887 301 942 49
325 902 354 958 p.
379 876 457 942 612¹)
480 889 493 940 l
519 901 583 958 sqq.
606 890 697 955 atque
719 881 860 938 hiemale
876 884 1026 957 excerpsit
1042 901 1240 940 communem

93 994 249 1044 auctorem
271 985 335 1042 mir.
360 1001 442 1043 ausc.
467 984 606 1057 scriptor:
642 1000 712 1038 nam
745 1001 813 1038 cum
855 983 885 1038 in
911 1001 994 1040 nono
1028 984 1103 1041 libro
1137 985 1242 1040 omnia

92 1089 172 1143 hene
195 1086 297 1154 fluant,
320 1085 368 1141 hic
391 1086 533 1159 equidem
557 1084 649 1140 verba
676 1079 728 1142 καὶ
757 1078 838 1143 ὅταν
868 1081 965 1162 μὲνῇ
993 1080 1093 1159 νότια,
1121 1081 1155 1143 ἐι(
1181 1084 1241 1144 τοῦ

93 1183 234 1262 ἐδάφου(
257 1182 313 1245 τὰ(
337 1180 421 1245 ὀπὰ(
443 1185 609 1260 ποιεῖ(θαι,
642 1179 722 1243 ὅταν
751 1182 786 1243 δὲ
810 1181 929 1259 βόρεια,
968 1182 1090 1245 ἐκτῶν
1124 1182 1242 1260 τοίχων

94 1307 157 1345 non
180 1288 334 1362 intellego.
381 1305 462 1344 error
484 1287 667 1361 excerptoris
692 1286 811 1343 subest:
847 1286 986 1343 videntur
1009 1288 1136 1361 agnosci
1159 1305 1241 1361 quae

95 1391 237 1465 opposita
260 1397 330 1445 sunt
353 1389 383 1444 in
406 1407 489 1445 nono
512 1389 587 1445 libro
610 1383 640 1446 ol
663 1384 720 1461 μὲν
748 1382 783 1445 ἐν
805 1388 843 1466 τῇ
867 1389 907 1465 γῇ
938 1397 970 1443 et
992 1383 1022 1448 οἱ
1045 1386 1081 1448 δὲ
1108 1385 1143 1448 ἐν
1172 1388 1241 1447 roric

94 1485 215 1557 uirium,
240 1491 271 1546 in
294 1490 391 1545 verbis
414 1486 449 1548 ἐκ
471 1489 529 1548 τοῦ
553 1483 715 1563 ἐδάφουε1
738 1496 769 1543 et
792 1484 827 1546 ἐκ
849 1488 914 1548 τῶν
935 1485 1059 1563 τοίχων.
1083 1497 1241 1564 postremo
1291 1486 1294 1491 '

96 1592 134 1652 cf.
155 1609 179 1650 c.
208 1595 244 1650 15
268 1609 337 1648 cum
358 1591 386 1649 h.
410 1609 436 1650 a.
454 1591 500 1646 lX
524 1593 571 1658 19,
596 1592 633 1648 95
656 1609 685 1664 p.
711 1592 787 1647 617ει
816 1591 846 1646 ll
876 1607 941 1664 sqq.
965 1600 996 1646 et
1017 1589 1062 1646 IX
1084 1583 1151 1664 49¹³,
1181 1592 1254 1667 254Ι

96 1712 126 1768 p.
153 1686 230 1750 6322
256 1695 302 1752 16.
325 1693 384 1750 hoo
408 1710 481 1748 sane
515 1700 607 1767 caput
627 1709 689 1748 non
720 1693 820 1766 potuit
851 1693 928 1749 sumi
961 1711 999 1748 ex
1032 1710 1115 1748 nono
1150 1692 1243 1751 libro:

96 1812 196 1868 neque
213 1795 293 1850 enim
309 1794 433 1850 omnino
448 1795 488 1850 ibi
511 1795 660 1850 invenitur
682 1793 787 1850 ultima
811 1795 875 1851 eius
899 1793 1052 1859 sententia
1072 1789 1241 1866 ἐκπορεύε-

95 1892 165 1956 (θαί
191 1912 226 1955 τε
252 1892 333 1969 πρὸ(
362 1894 419 1968 τὴν
447 1891 582 1968 (ελήνην
605 1894 669 1954 κτλ.
714 1896 840 1952 dubium
878 1904 979 1954 autem
1002 1904 1049 1952 est
1072 1913 1145 1951 num
1167 1895 1243 1951 inde

96 1998 192 2073 petita
215 2013 282 2054 esse
304 1999 424 2071 possint
446 1999 537 2054 verba
560 1994 611 2057 καὶ
634 1994 748 2072 φωνὰ(
770 1994 919 2058 ποικίλα(
941 1994 1120 2072 προίε(θαι;
1159 2005 1243 2054 certe

95 2101 183 2156 valde
205 2106 252 2154 est
276 2099 336 2154 veri
360 2099 505 2156 dissimile
530 2100 614 2156 locos
637 2108 756 2156 tanturn
787 2101 865 2156 inter
893 2118 925 2158 se
946 2101 1096 2158 distantes
1126 2099 1243 2155 adiisse

96 2208 316 2276 excerptorem.

192 2301 281 2357 Haec
303 2301 326 2356 si
350 2311 431 2358 recte
452 2302 614 2376 disputavi,
636 2303 700 2360 mir.
715 2320 797 2361 ause.
821 2321 845 2362 c.
863 2304 961 2362 1—15
979 2321 1016 2360 ex
1031 2318 1093 2359 uno
1110 2301 1241 2357 eodem·

96 2420 155 2479 que
179 2403 310 2458 auctoris
333 2403 491 2460 cuiusdam
514 2403 589 2460 libro
609 2413 818 2471 manaverunt,
852 2422 889 2460 ex
914 2422 975 2478 quo
996 2404 1087 2460 etiam
1111 2402 1185 2458 noni
1208 2401 1240 2459 h.

96 2524 123 2565 a.
147 2504 210 2560 libri
232 2504 359 2578 scriptor
380 2512 498 2578 partem
515 2505 781 2562 commentationis
805 2522 878 2561 suae
901 2505 1081 2579 compilavit.
1101 2503 1150 2560 hic
1167 2520 1241 2558 vero

95 2615 202 2662 auctor
224 2621 262 2660 eo
284 2605 350 2679 ipso
384 2623 408 2664 c.
434 2609 461 2672 3,
493 2606 542 2662 cui
564 2605 634 2662 nihil
656 2607 824 2681 respondet
843 2607 872 2662 in
907 2624 990 2663 nono
1024 2606 1109 2682 libro,
1142 2605 1242 2662 mani-

97 2706 175 2764 festo
199 2705 446 2780 deprehenditur.
483 2725 554 2763 nam
576 2715 694 2781 partem
716 2707 804 2764 huius
827 2707 1007 2764 narrationis
1037 2707 1112 2762 inter
1134 2705 1242 2763 Theo-

95 2809 238 2883 phrastea
258 2807 351 2864 refert
374 2807 518 2865 Aelianus
540 2808 588 2866 ΙΙΙ
612 2811 650 2866 32
675 2804 761 2881 αἷγε(
791 2807 827 2869 δὲ
857 2804 919 2883 ἄρα
948 2804 979 2868 αἱ
1003 2803 1242 2882 Κεφαλληνίδε(

96 2905 135 2969 οὐ
157 2905 280 2968 πίνου(ι
303 2908 411 2982 μηνῶν
433 2905 465 2970 ἕξ
488 2902 540 2986 (cl.
557 2909 677 2966 Roseus
693 2929 727 2984 p.
741 2913 812 2976 331,
827 2907 880 2983 6);
903 2909 1022 2967 Aeliani
1045 2916 1148 2964 autem
1162 2908 1243 2965 haec

95 3011 227 3068 narratio
251 3009 315 3065 sine
338 3009 432 3066 dubio
456 3018 576 3083 sumpta
598 3018 645 3066 est
667 3029 705 3067 ex
729 3011 805 3067 libro
828 3007 900 3084 περὶ
930 3009 995 3070 τῶν
1018 3005 1098 3068 κατὰ
1118 3003 1242 3068 τόπου(

96 3111 272 3187 διαφορῶν.
312 3111 384 3184 quin
408 3111 499 3167 etiam
522 3111 580 3168 alia
603 3112 649 3167 via
672 3112 876 3168 demonstrari
898 3119 1002 3187 potest
1024 3111 1130 3167 horum
1158 3112 1242 3185 capi·
1290 3144 1294 3155 ·

97 3223 160 3270 tum
187 3220 345 3268 auctorem
373 3229 440 3268 esse
464 3211 719 3286 Theophrastum.
772 3231 810 3269 an
840 3213 977 3288 negabis²
1007 3212 1031 3268 si
1058 3230 1105 3268 res
1130 3212 1161 3268 in
1193 3212 1243 3270 his

97 3322 242 3372 tractatas
266 3312 513 3388 Theophrastum
546 3313 668 3370 novisse
700 3331 737 3368 ex
769 3313 965 3388 superstitum
997 3313 1062 3370 eius
1096 3314 1244 3382 librorum

97 3415 172 3472 locis
205 3414 328 3483 videriS,
373 3414 451 3472 effici
488 3433 540 3471 eas
564 3415 595 3470 in
631 3415 703 3490 ipsis
731 3417 770 3471 de
803 3415 982 3472 animalibus
1015 3415 1096 3471 libris
1128 3417 1166 3471 ab
1202 3434 1242 3474 eo

98 3525 350 3575 commemoratas
373 3512 462 3573 esse?
508 3517 599 3573 immo
623 3527 737 3573 certum
761 3517 820 3574 hoc
842 3526 890 3573 est
912 3518 943 3573 in
967 3517 1001 3573 iis
1024 3535 1103 3591 quae
1119 3517 1159 3572 de
1177 3517 1245 3573 ani·

97 3618 225 3675 malibus
248 3618 287 3674 ad
311 3618 570 3692 comparationem
592 3617 692 3674 adfert
720 3618 751 3673 in
779 3618 835 3674 illis
864 3619 904 3675 de
925 3618 1035 3692 plantis
1058 3618 1148 3693 libris
1172 3635 1244 3675 cum

98 3719 146 3776 hic
169 3718 290 3794 saepius
315 3735 386 3776 suos
410 3714 483 3792 περὶ
506 3717 596 3797 Ζῴων
619 3719 719 3775 libros*
734 3719 874 3793 respiciat
896 3727 927 3775 et
962 3721 1004 3774 ad
1036 3738 1090 3775 eos
1126 3719 1244 3792 releget

98 3821 244 3876 lectorem
256 3817 277 3878 ².
314 3837 396 3876 nunc
413 3837 485 3875 vero
508 3821 549 3874 ad
572 3837 597 3877 c.
622 3821 640 3878 3
663 3819 700 3878 cf.
725 3820 765 3874 de
788 3835 869 3878 caus
885 3819 1057 3895 p1.1117,9
1081 3813 1155 3878 οὔτε
1179 3816 1243 3893 γὰρ

96 3916 171 3980 ituit
193 3920 261 3979 ταί(
283 3917 406 3981 πίνναι(
430 3916 496 3995 βία(
519 3915 546 3980 εἰ
575 3917 615 3994 μὴ
647 3916 699 3980 διὰ
721 3917 779 3982 τὸν
801 3915 951 3994 κάρκινον
973 3913 1041 3980 οὐδ’
1064 3916 1083 3992 ἡ
1105 3919 1170 3979 τῶν
1190 3936 1242 3993 με·

198 4159 208 4197 ¹
227 4161 332 4227 ἔδαφο(
352 4162 389 4211 sic
409 4178 431 4213 e.
450 4179 485 4227 gr.
505 4178 545 4227 ap.
567 4159 702 4229 [Aristot]
722 4162 765 4210 IX
783 4160 825 4222 32,
848 4159 899 4212 119
918 4177 943 4226 p.
962 4155 1034 4211 619¹)
1056 4156 1072 4208 2
1095 4164 1120 4207 et
1139 4159 1242 4223 saepius

97 4252 167 4318 apud
185 4250 408 4316 Theophrastum
428 4251 461 4301 cl.
480 4251 619 4299 Wimmeri
637 4250 750 4299 indicem
769 4251 801 4299 ad
820 4249 904 4297 libros
923 4249 956 4297 de
976 4247 1079 4312 plantis.

197 4335 209 4373 ί
227 4341 260 4392 cf.
278 4355 355 4404 supra
373 4356 398 4404 p.
418 4339 443 4391 u.
